2844 4748
691 271 732 337 85

123 457 158 521 et
179 453 317 537 gemitus
345 455 376 517 ct
403 452 513 516 inanes
540 450 655 515 desinit
679 451 741 515 iras
763 450 908 527 fundere,
937 452 969 514 et
989 450 1026 528 V,
1046 450 1122 515 650:
1149 448 1291 531 inridens·

125 561 359 644 strepitumque
379 561 549 641 minasque
567 555 711 634 Gradivi,
741 558 760 620 i.
783 576 809 623 e.
832 560 1006 638 strepentes
1028 557 1131 626 minas
1153 556 1290 634 Gradivi,

123 666 177 732 rel
191 668 296 731 minas
303 666 430 732 Gradivi
445 665 621 748 strepentis.
643 663 690 741 ΠΙ,
700 664 774 728 503:
786 663 984 746 coeptarefer
995 662 1192 746 paulumque
1202 662 1292 729 nefas

125 777 161 839 et
183 774 311 839 foedera
324 776 425 852 necte,
446 773 465 836 Ι.
480 762 517 837 θ.
529 771 642 854 siquid
659 771 760 848 video,
780 770 919 835 nefanda
937 770 1148 850 foedera-cfr*
1167 769 1203 847 Π,
1218 769 1292 834 173:

121 879 261 958 infanda
288 879 330 943 ad
356 878 492 943 foedera.
539 876 602 942 Sed
631 876 850 940 Burmannus:
880 876 1030 959 »paulum
1051 876 1154 955 nefas,
1177 876 1288 960 inquit,

125 986 208 1070 quid
227 985 267 1049 sit
286 1005 351 1049 non
372 983 526 1064 intellego.
574 982 608 1046 Si
629 981 732 1064 legero
751 982 874 1047 liceret:
903 982 1100 1066 paulumque
1129 1001 1235 1046 moras
1258 985 1290 1046 et

125 1093 256 1160 foedera
281 1095 386 1168 necte,
422 1110 471 1155 res
506 1092 588 1153 essct
616 1092 739 1172 aperta,
758 1089 827 1170 ,scd
853 1092 964 1153 contra
994 1089 1096 1152 libros·
1121 1088 1197 1153 nihil
1229 1089 1292 1153 tale

127 1198 264 1277 audeo«
300 1198 380 1280 Ausi
394 1200 469 1261 sunt
484 1195 687 1268 Schenkelius
701 1199 733 1261 et
746 1196 965 1261 Baehrensius.
999 1195 1087 1274 Quos
1093 1197 1128 1275 3si
1143 1197 1292 1279 sequeris,

126 1305 187 1370 tihi
209 1303 429 1387 explicandum
451 1307 514 1368 est:
543 1306 633 1368 necte
654 1303 792 1380 foedera,
812 1323 895 1386 quae
915 1323 1041 1367 moram
1062 1303 1188 1366 faciant.
1212 1301 1293 1366 ⁴Sed

127 1411 194 1476 hac
212 1412 387 1476 mutatione
407 1430 488 1494 opus
508 1429 575 1474 non
598 1429 665 1474 esse
687 1410 765 1473 mihi
778 1410 912 1488 videtur,
934 1430 1008 1474 cum
1019 1409 1160 1475 Valerius
1175 1408 1291 1473 talibus

126 1519 221 1584 dictis
241 1518 443 1606 vocabulum
458 1517 583 1581 ›nefas‹
603 1537 698 1599 saepe
720 1516 882 1598 adiungat.
933 1518 987 1582 cfr.
1008 1516 1036 1593 Ι,
1058 1516 1118 1580 747
1140 1537 1205 1598 sq:
1234 1516 1290 1580 sed

129 1626 191 1690 tibi
210 1626 298 1689 triste
319 1624 407 1689 nefas
429 1614 628 1706 fraternaque
648 1624 795 1688 turbidus
817 1643 909 1688 arma
926 1643 981 1688 rex
1002 1627 1104 1706 parat.
1146 1623 1291 1701 111,th

128 1732 311 1814 deflentque
332 1730 421 1794 nefas
441 1734 472 1795 et
492 1730 629 1812 cuspidis
646 1731 735 1795 ictus.
768 1731 790 1808 Ι,
810 1731 872 1795 804
886 1752 943 1813 sq,
964 1730 1000 1808 ll,
1021 1730 1208 1812 101sq.,11‚
1231 1730 1290 1794 567
1395 1737 1397 1743 ’

129 1860 195 1922 sq:
224 1839 398 1919 tacitosque
427 1837 516 1901 dolos
545 1837 711 1920 dirumque
732 1837 855 1902 volutat
882 1838 975 1902 corde
996 1835 1095 1902 nefas.
1146 1835 1294 1900 Similiter

130 1946 212 2010 Aen.
231 1944 286 2022 IV,
315 1944 389 2008 563:
419 1943 471 2008 illa
498 1943 587 2009 dolos
615 1945 782 2026 dirumque
804 1944 892 2008 nefas
913 1946 944 2008 in
966 1947 1094 2028 pectore
1107 1945 1232 2020 versat,
1260 1946 1308 2016 et¹

131 2051 186 2116 Sil.
203 2051 296 2133 vul,
329 2052 387 2115 176
417 2072 478 2134 sq:
513 2052 626 2115 tacitas
661 2054 808 2132 suspecta
838 2052 970 2116 Lavinia
1003 2052 1131 2116 fraudes
1163 2050 1310 2115 molitur

130 2146 299 2241 dirumque
327 2159 416 2223 nefas
444 2158 504 2223 sub
532 2159 627 2222 corde
649 2158 780 2225 volutat.
802 2195 842 2203 —
864 2159 931 2223 Val.
951 2159 1001 2237 IV,
1024 2159 1083 2233 333
1101 2178 1169 2241 sq:
1196 2157 1293 2223 ramis

130 2270 163 2330 el
177 2265 268 2346 viridi
282 2264 381 2343 lauro,
404 2285 476 2347 pro:
498 2266 594 2329 ramis
616 2265 730 2330 laureis
750 2270 781 2330 et
801 2265 837 2329 iis
851 2266 1012 2330 viridibus
1054 2266 1096 2331 ib.
1114 2265 1194 2330 430:
1216 2265 1293 2330 talia

129 2371 322 2455 prodigiaet
349 2371 428 2435 tales
455 2391 514 2454 pro
533 2373 662 2437 crimine
683 2392 803 2454 poenas
824 2373 1013 2456 perpetitur,
1045 2373 1070 2436 i..
1086 2391 1113 2436 e.
1131 2375 1199 2435 tam
1219 2391 1293 2455 pro·

130 2478 269 2560 digiosas
290 2497 418 2560 poenas.
461 2478 497 2556 V,
518 2479 596 2542 256:
619 2480 784 2560 prohibere
806 2481 911 2568 minas
930 2479 1154 2562 praedictaque
1175 2478 1292 2555 Phrixi,

130 2586 150 2648 i.
180 2603 208 2648 e.
237 2584 341 2648 minas
372 2585 550 2666 praedictas
578 2586 643 2650 sive
664 2588 913 2667 praenuntiatas.
964 2586 1018 2664 Vl,
1045 2586 1106 2649 378
1124 2605 1191 2668 sq:
1218 2605 1292 2650 oum

129 2691 240 2772 regina
256 2709 386 2771 gravem
400 2691 492 2755 nodis
506 2711 648 2774 auroque
662 2712 803 2757 securem
817 2693 1052 2774 congeminans,
1074 2693 1094 2757 i.
1109 2711 1135 2756 e.
1151 2711 1293 2757 securem

129 2797 224 2861 nodis
238 2795 286 2861 vel
311 2796 402 2860 bullis
424 2799 527 2862 aurcis
541 2800 741 2863 instructum.
777 2799 924 2864 Similiter
938 2799 1017 2863 Aen.
1040 2798 1061 2875 Ι,
1076 2799 1153 2863 648:
1173 2799 1293 2882 pallam

129 2903 227 2983 signis
247 2922 391 2985 auroque
411 2904 578 2985 rigentem,
599 2906 618 2969 Ι.
641 2926 668 2969 e.
687 2903 785 2988 signis
805 2907 918 2971 aureis.
960 2906 1001 2969 ib.
1024 2906 1085 2971 259
1105 2927 1167 2988 sq:
1188 2906 1291 2970 hamis

129 3011 310 3073 consertam
331 3028 474 3094 auroque
495 3012 626 3077 trilicem
648 3012 790 3092 loricam,
817 3014 836 3077 i.
855 3033 889 3087 e„
903 3015 1006 3078 aureis
1027 3015 1140 3092 hamis.
1162 3049 1202 3058 -
1222 3011 1291 3078 Val.

128 3115 201 3192 Vll,
227 3117 267 3180 93
289 3137 351 3198 sq:
385 3117 528 3202 odiisque
554 3123 664 3202 urgete
690 3121 815 3203 tyranni
846 3105 1047 3206 imperiisque
1076 3122 1187 3203 caput,
1219 3121 1249 3191 Ι.
1266 3142 1292 3186 e.

128 3222 248 3288 odiosis
280 3224 415 3306 imperiis
445 3226 494 3289 vel
526 3226 647 3291 iniustis
676 3229 844 3292 mandatis.
895 3229 936 3292 ib.
963 3229 1038 3292 168:
1069 3226 1137 3309 (qui
1169 3228 1294 3310 anguis)

130 3329 250 3394 vellera
269 3335 317 3394 tot
337 3331 427 3414 spiris
449 3333 578 3410 circum,
598 3336 648 3397 tot
669 3334 817 3399 ductibus
838 3335 961 3418 implet,
989 3354 1071 3417 quae
1092 3336 1191 3400 verba
1211 3335 1232 3398 l.
1253 3335 1295 3400 Α.

129 3437 312 3517 Wagnerus
345 3441 429 3502 recte
458 3439 607 3520 explicat:
642 3444 689 3504 tot
716 3440 816 3522 longis
846 3442 952 3525 spiris,
978 3442 1107 3514 sinuosa
1133 3441 1295 3507 volumina

129 3548 293 3624 torquens.
335 3543 410 3621 VIll,
436 3545 494 3608 135
516 3565 576 3627 sq.:
599 3530 736 3629 (horror)
760 3549 827 3612 sata
847 3549 960 3612 domus
982 3549 1167 3637 luctumque
1189 3548 1293 3612 ferens

130 3649 340 3732 fraudemque
365 3650 540 3734 fugamque
560 3653 701 3734 virginis,
736 3674 811 3736 pro:
843 3655 989 3720 luctuosa
1009 3655 1075 3721 fata
1097 3655 1145 3719 vel
1166 3655 1309 3719 fatalem

129 3757 253 3853 luctum
273 3758 375 3822 ferens
396 3762 428 3822 et
449 3759 687 3824 fraudulentam
707 3762 824 3844 fugam.
867 3762 908 3826 ib.
930 3763 1004 3826 25⁶2:
1033 3745 1108 3826 mox
1130 3760 1240 3844 epulas
1261 3764 1294 3825 et

131 3883 223 3928 sacra
245 3869 375 3946 parant,
403 3866 422 3928 Ι.
445 3886 472 3930 e.
499 3867 607 3949 epulas
637 3869 833 3934 sacrificales.
882 3870 924 3933 ib.
945 3870 1006 3933 295
1028 3889 1092 3951 sq:
1121 3871 1192 3954 tum
1218 3887 1294 3933 vero

134 3969 306 4035 clamorem
340 3993 450 4037 omnes
486 3974 674 4057 inimicaque
709 3975 822 4040 tollunt
848 3978 980 4058 gaudia,
1018 3977 1036 4040 i.
1065 3996 1091 4039 c.
1123 3962 1294 4039 clamorem

135 4075 253 4143 laetum
275 4080 324 4144 vel
345 4080 463 4162 gaudio
478 4080 618 4163 plenum,
640 4082 696 4146 sed
716 4082 887 4150 inimicum.
921 4085 961 4151 ib.
983 4084 1060 4149 339:
1084 4083 1167 4149 inter
1188 4102 1293 4166 reges-
