2828 4778
604 279 607 286 ·
651 257 671 322 5

84 461 135 506 me
156 440 314 517 deficiunt,
334 441 365 503 et
382 439 492 503 melius
511 459 577 502 esse
598 458 677 517 reor,
700 458 750 502 me
767 457 884 520 paucas
902 458 952 503 res
968 438 1094 503 uberius
1110 441 1246 504 tractare

83 567 182 631 quam
211 547 327 611 multas
355 550 459 629 partes
485 550 613 610 tanturn'
636 551 774 626 tangere.
816 545 940 628 Itaque,
970 548 1005 610 ut
1025 547 1149 628 penitus
1172 566 1245 629 cog·

84 674 211 732 noscaS,
242 658 398 736 quantum
420 652 561 716 Valerius
590 655 632 717 ab
661 672 720 717 usu
749 652 907 715 bonorum
932 653 1119 734 scriptorum
1148 657 1244 736 atque

82 763 180 826 etiam
202 760 340 840 Vergilii,
371 779 466 841 quern
487 759 666 840 saepissime
695 758 834 821 imitatus
852 761 916 834 est,
947 758 1091 836 recedat,
1120 779 1245 842 semper

83 869 189 933 multis
210 867 358 948 exemplis
376 866 547 929 sententias
570 885 657 929 meas
678 865 814 948 probare
834 865 981 929 conabor.

80 1048 85 1056 ,
185 972 407 1037 Disserendum
437 975 544 1036 autern
570 971 647 1034 mihi
669 973 727 1035 erit
748 971 913 1053 bipartito,
940 975 971 1035 et
992 973 1094 1054 priore
1116 973 1245 1056 quidem

84 1085 176 1166 parte
194 1081 234 1144 de
253 1081 360 1162 tropis,
380 1080 549 1161 posteriore
567 1078 608 1142 de
626 1078 733 1159 figuris
754 1078 867 1141 dicam.
900 1078 966 1142 lam
984 1077 1092 1144 Cicero
1110 1080 1246 1146 Graecos

83 1191 209 1253 secutus
239 1188 317 1251 haec
348 1187 412 1250 duo
441 1204 557 1266 genera
578 1187 820 1248 exornationum
848 1185 1005 1263 distinxit,
1031 1206 1104 1251 curn
1122 1187 1246 1270 legatur

84 1297 172 1360 Brut.
194 1293 222 1376 §-
242 1295 299 1358 69:
342 1293 456 1357 Omari
478 1293 651 1356 orationem
675 1292 785 1356 Graeci
806 1295 931 1374 putant,
953 1293 978 1356 si
997 1293 1166 1358 verborum
1186 1295 1247 1358 im·

86 1401 313 1466 mutationibus
331 1404 480 1478 utantur,
508 1419 588 1482 quos
610 1400 770 1482 appellant
791 1398 942 1480 τρόπους,
964 1404 995 1465 et
1016 1404 1245 1467 sententiarum

84 1508 296 1590 orationisque
317 1507 433 1597 formis,
454 1525 537 1588 quae
557 1510 673 1570 vocant
694 1505 857 1589 expraetore.
882 1506 1070 1591 ·Utriusque
1092 1509 1135 1573 rei
1156 1509 1246 1574 diffe-

84 1617 188 1682 rentia
209 1635 229 1680 a
250 1613 442 1693 Quintiliano
461 1613 531 1676 inst.
555 1632 598 1675 or.
617 1613 672 1690 IX,
698 1614 766 1691 l,d
791 1613 852 1677 hoc
872 1613 969 1679 modo
989 1615 1147 1696 signatur:
1190 1616 1245 1681 Est

83 1727 192 1804 tropos
221 1740 323 1785 sermo
353 1740 373 1784 a
402 1721 539 1785 naturali
567 1724 598 1784 et
624 1720 789 1803 principali
814 1721 1043 1802 significatione
1073 1721 1244 1788 translatus

83 1830 125 1895 ad
147 1829 243 1894 aliam
266 1829 430 1892 ornandae
451 1828 600 1892 orationis
622 1828 734 1909 gratia,
754 1828 812 1906 vel,
835 1830 870 1891 ut
890 1827 1031 1911 plerique
1048 1831 1244 1910 grammatici

83 1938 255 2015 definiunt,
284 1937 378 2000 dictio
406 1937 448 1999 ab
477 1955 515 2000 eo
543 1936 628 2012 lucc,
656 1935 689 1999 in
710 1955 774 2018 quo
795 1937 920 2018 propria
941 1939 1004 2014 est,
1034 1937 1186 2002 translata
1211 1938 1244 2002 in

83 2065 174 2122 eum,
195 2043 227 2108 in
252 2063 315 2126 quo
337 2044 463 2126 propria
483 2062 548 2106 nou
570 2045 633 2106 est:
675 2043 786 2124 figura,
808 2043 887 2107 sicut
908 2043 1036 2106 nomine
1057 2043 1125 2125 ipso
1147 2048 1243 2127 patet,

84 2151 293 2216 conformatio
322 2148 481 2232 quaedam
508 2150 657 2214 orationis
680 2154 803 2213 remota
825 2170 845 2214 a
866 2151 1026 2215 communi
1055 2154 1087 2215 et
1107 2152 1245 2234 primum

84 2279 117 2322 se
147 2258 298 2322 offerente
326 2257 456 2322 ratione.
496 2256 558 2321 Sed
580 2275 670 2334 cum,
698 2261 735 2321 ut
757 2277 796 2321 ex
814 2258 874 2321 hac
895 2257 1075 2323 definitione
1093 2259 1176 2322 'satis
1197 2259 1246 2323 in-

86 2364 189 2446 tellegi
210 2366 327 2447 potest,
357 2364 440 2427 duae
460 2383 509 2428 res
530 2383 685 2447 perquam
713 2365 799 2428 tenui
819 2364 915 2429 limite
936 2365 1129 2444 dividantur,
1159 2367 1245 2449 quod

87 2475 223 2554 utraque
250 2471 289 2535 de
310 2474 396 2534 reeta
417 2476 448 2535 et
469 2470 599 2554 simplici
621 2471 741 2536 ratione
767 2491 839 2536 cum
861 2472 969 2555 aliqua
989 2472 1111 2537 dicendi
1132 2474 1245 2538 virtute

88 2578 276 2657 deflectitur,
305 2579 486 2643 mirandum
508 2583 654 2657 nonest,
682 2580 768 2662 quod
790 2599 856 2643 non
874 2580 976 2644 solum
997 2580 1126 2646 Rhetor.
1147 2583 1189 2646 ad
1210 2582 1243 2648 C.

85 2684 280 2750 Herennium
307 2684 357 2762 IV,
379 2685 420 2748 42
450 2704 619 2750 commuue
647 2705 765 2750 nomen
789 2687 1045 2751 »exornationes«
1067 2686 1245 2755 adhibitum

85 2797 146 2872 est,
174 2793 229 2856 sed
258 2793 353 2856 etiam
375 2792 426 2856 alii
448 2793 565 2874 figuras
592 2796 699 2875 tropos
720 2813 785 2857 esse
812 2792 1084 2871 existimaverunt,
1116 2795 1180 2874 alii,
1210 2800 1246 2861 ut

84 2899 118 2964 C.
130 2899 273 2963 Artorius
292 2898 453 2976 Proculus
470 2899 567 2981 tropis
583 2899 757 2981 figurarum
773 2919 891 2963 nomen
910 2901 1125 2983 inposuerunt.
1155 2901 1245 2986 Opti·

83 3026 174 3072 mum
205 3007 298 3087 igitur
328 3009 388 3084 est,
426 3025 498 3071 curn
528 3006 690 3089 multiplex
723 3011 754 3071 et
781 3007 964 3090 scrupulosa
996 3009 1165 3092 disputatio
1202 3010 1244 3075 ad

83 3133 232 3197 praesens
259 3132 367 3177 meum
394 3115 589 3196 propositum
616 3134 683 3179 non
703 3116 858 3196 pertineat
867 3116 900 3197 ¹),
926 3116 960 3179 in
980 3115 1028 3181 his
1055 3117 1145 3200 sequi
1171 3137 1244 3183 cum

83 3220 278 3298 Quintiliano
304 3219 502 3302 dignissimo,
532 3221 581 3284 cui
609 3221 775 3304 astipuler,
801 3223 938 3287 maxime
965 3226 1091 3306 recepta
1119 3229 1150 3288 et
1175 3245 1244 3291 rem

83 3328 202 3410 ipsam,
224 3345 427 3409 quocumque
454 3327 664 3409 appellabitur
686 3329 797 3407 modo,
826 3328 1013 3410 intellegere.
1055 3329 1138 3394 Nihil
1160 3332 1245 3396 euim

84 3436 193 3513 refert,
224 3453 288 3516 quo
316 3434 411 3497 modo
440 3453 489 3498 res
507 3435 704 3512 nominetur,
732 3435 906 3500 dummodo
933 3436 976 3499 ad
1003 3434 1116 3501 Valerii
1146 3456 1245 3518 genus

86 3540 207 3606 dicendi
232 3540 475 3623 proponendum
498 3545 575 3622 apta
594 3542 642 3604 sit.
685 3541 724 3606 Et
744 3544 823 3606 sicut
844 3542 1003 3621 homines,
1026 3543 1126 3626 inquit
1146 3543 1245 3623 Quin-

85 3647 223 3724 tilianus,
253 3648 278 3710 si
308 3647 393 3711 aliud
422 3653 628 3730 acceperunt,
655 3668 754 3730 quam
783 3651 868 3731 quod
896 3650 1090 3729 habuerant,
1117 3672 1244 3733 nornen,

84 3756 168 3818 idem
187 3758 261 3817 sunt
281 3759 403 3833 tanuen,
425 3755 469 3819 ita
490 3756 579 3834 haec,
602 3756 641 3820 de
664 3756 778 3838 quibus
799 3757 970 3841 loquimur,
990 3759 1054 3822 sive
1076 3761 1158 3843 tropi
1179 3764 1244 3827 sive

86 3863 206 3943 figurae
225 3861 382 3939 dicuntur,
405 3862 488 3926 idem
510 3862 655 3927 efficient.

91 3972 285 3984 *—

185 4008 204 4078 ¹)
224 4008 338 4063 Uberius
356 4009 428 4063 hanc
446 4027 503 4063 rem
521 4012 713 4064 tractaverunt
730 4011 762 4068 G.
774 4010 913 4065 Daunehl:
933 4012 972 4065 De
991 4012 1087 4082 tropis.
1105 4016 1246 4070 Particula

82 4096 104 4160 Ι,
123 4097 153 4150 et
171 4095 344 4149 Volkmann:
381 4095 430 4150 Die
448 4095 585 4151 Rhetorik
601 4098 650 4151 der
669 4097 803 4154 Griechen
821 4098 877 4151 und
896 4096 1004 4152 Rdmar.
