2828 4778
737 249 780 323 tl

182 448 359 514 proraeque
388 431 562 500 mnemoral
589 427 718 499 Imbros.
768 427 810 495 ib.
838 428 915 503 431:
944 429 1057 495 transit
1084 406 1220 504 Electria
1249 430 1357 505 tellus.

184 536 271 603 ldem
283 534 417 603 verbum
428 534 567 603 invenies
584 535 697 611 eadem
712 535 938 621 significatione
945 536 1055 614 ulau,
1072 536 1304 615 Vllldtlddtd.
1314 571 1356 594 -ν

185 642 263 721 VIII,
277 642 352 711 176:
375 645 472 711 natae
493 641 606 731 Minyis
626 645 838 715 transcurrere
859 645 971 709 terrae.
1011 643 1099 721 11,74
1119 663 1183 727 sq.=
1208 663 1301 719 raras
1320 648 1357 713 et

184 749 260 820 litus
279 749 313 821 in
333 748 434 817 altum
452 748 548 817 mittit
569 767 652 821 aves.
694 748 835 819 indua:
863 753 1031 817 lemavos
1057 750 1213 833 amplexa.
1257 751 1357 823 stan

187 857 257 931 liter
277 855 359 927 Aen,
379 854 429 934 ΠΙ,
448 855 510 921 209
528 875 590 939 squ
620 874 673 921 me
693 855 786 920 litora
804 856 973 939 excipiunt.
1016 856 1083 925 Val.
1104 856 1198 934 Ldtl:
1219 857 1355 940 ignarae

190 962 311 1035 Cereris
329 965 443 1035 terrae.
493 961 529 1041 V,
540 961 602 1029 278
621 981 689 1047 sq:
718 982 783 1027 nox
804 962 968 1031 rettulerat
989 963 1075 1035 fessis
1096 966 1207 1046 optata
1227 964 1356 1045 silentia

186 1070 284 1138 terris.
326 1067 451 1157 Vergilii
471 1069 616 1157 exempla
635 1069 729 1140 huius
749 1070 871 1155 generis
890 1069 1095 1139 inveniuntur
1121 1070 1202 1139 Aen.
1225 1070 1278 1149 IX,
1290 1072 1356 1145 lua

187 1179 220 1242 et
240 1175 396 1254 xurla:
417 1176 474 1247 dal
493 1175 584 1245 tellus
604 1177 767 1263 gemitum,
788 1177 850 1255 Vll,
858 1177 933 1241 lua:
955 1176 1111 1261 pulsuque
1130 1177 1251 1261 pedum
1272 1197 1352 1253 sou·

184 1284 293 1351 territa
304 1282 403 1361 tellus,
431 1283 560 1362 &1022
581 1284 765 1357 tremefacta
786 1284 891 1371 tellus,
908 1284 957 1369 111,
969 1284 1040 1362 673,
1062 1284 1212 1363 mutas,
1225 1285 1284 1351 777
1293 1305 1357 1370 sq,

187 1391 291 1470 lusu
313 1425 353 1436 -
381 1389 449 1453 Val.
471 1389 567 1467 lull
586 1409 650 1472 sq:
680 1393 712 1454 te
734 1409 862 1473 quoque
883 1390 963 1463 dant
984 1391 1088 1477 campi
1109 1392 1202 1461 tanto
1221 1393 1356 1475 pastore

186 1497 320 1575 Pheraei
348 1496 461 1567 felices.
510 1495 560 1574 Vl.
578 1497 655 1571 721:
687 1497 791 1583 campi
818 1497 987 1574 videbant,
1019 1496 1101 1567 Aen.
1129 1496 1196 1574 XII,
1213 1496 1291 1577 sla:
1322 1501 1355 1562 te

187 1625 319 1695 quoque.
337 1603 513 1677 Laurentes
531 1604 696 1682 viderunt,
717 1603 833 1682 Aeule,
856 1604 976 1692 campi,
996 1604 1037 1671 ih.
1059 1604 1095 1681 V,
1110 1604 1168 1673 127
1188 1623 1256 1687 sqq
1279 1604 1355 1675 silet

188 1731 336 1797 campus,
356 1711 400 1781 ib..
421 1710 471 1788 Vl,
483 1711 544 1776 872
564 1731 628 1793 sq:
650 1714 788 1793 quantos
808 1730 940 1794 campus
962 1714 1035 1793 aget
1056 1713 1201 1795 gemitus.
1222 1745 1260 1761 ·-
1284 1710 1358 1785 Val,

186 1819 224 1898 V,
235 1819 312 1885 alu:
335 1817 429 1895 vellet
450 1836 537 1898 ager,
559 1818 640 1883 Aen.
659 1817 709 1895 IV,
721 1818 799 1883 525:
820 1821 904 1891 taeet
925 1818 1027 1885 amnis
1047 1837 1131 1900 ager.
1145 1853 1183 1862 —
1217 1817 1283 1889 Yal.
1301 1818 1356 1882 [Vs

186 1926 266 2003 278:
295 1927 432 2001 poseant
459 1923 539 1988 loca.
592 1923 628 2001 u,
648 1924 724 1995 248:
756 1923 860 1995 naula
887 1927 1061 2002 exarserat,
1096 1924 1176 1991 Aen.
1203 1923 1258 2005 IX,
1275 1924 1356 1995 715:

187 2032 348 2117 Prochyta
366 2031 486 2108 tremit,
516 2031 583 2107 Val.
606 2031 669 2110 VII,
686 2032 764 2097 262:
793 2031 896 2105 insula
924 2032 1031 2109 uellet,
1062 2032 1117 2103 ubi
1143 2031 1357 2105 Baehrensius

187 2139 310 2224 scripsit
340 2138 489 2217 suellen,
523 2139 671 2215 Heinsius
698 2139 846 2205 »saevite
894 2139 916 2217 l,
936 2116 1017 2207 57’9:
1050 2139 1176 2223 refugus
1209 2137 1356 2218 Pelorus,

188 2247 207 2311 i.
230 2267 257 2311 e.
278 2246 353 2323 olim
375 2246 530 2321 abscissus
550 2246 592 2311 ab
614 2247 720 2324 ltalia,
750 2249 787 2310 ut
808 2246 888 2313 hene
908 2246 930 2315 I.
945 2247 983 2313 A.
997 2245 1177 2329 Wagnerus
1205 2244 1356 2327 explicat,

189 2355 394 2431 Burmannus
416 2353 565 2427 adnotat:
594 2353 739 2434 »refugus
760 2357 892 2421 vocatur
910 2352 1058 2430 Pelorus,
1087 2354 1141 2437 qui
1163 2371 1236 2419 oum
1258 2351 1356 2435 longe

191 2464 363 2549 appareat,
393 2463 425 2525 et
444 2458 668 2542 navigantibus
695 2459 822 2545 propior
846 2458 987 2536 videtur,
1024 2477 1120 2542 quam
1143 2478 1179 2522 re
1198 2477 1273 2531 vera
1295 2463 1356 2538 est,

189 2569 322 2654 ideoque
344 2587 418 2638 eum
440 2566 573 2635 credunt
597 2587 631 2633 se
658 2586 761 2651 paene¹
791 2569 920 2648 tangere
941 2565 1105 2644 Pelorum,
1133 2566 1227 2646 longo
1247 2563 1357 2639 adhuc

189 2677 291 2763 spatio
313 2675 428 2743 distare
450 2677 484 2741 et
502 2675 593 2763 quasi
612 2674 754 2756 refugere
776 2673 930 2743 videtum.
973 2673 1036 2738 Sed
1056 2672 1137 2737 haee
1159 2673 1263 2741 minus
1285 2669 1356 2757 pla·

190 2784 278 2861 sent,
311 2801 401 2860 oum,
432 2785 468 2852 ut
496 2785 589 2866 puto,
620 2782 659 2851 de
685 2781 752 2849 aliis
778 2781 926 2857 omnibus
948 2780 1055 2846 insulis
1074 2779 1135 2847 diei
1154 2778 1289 2861 possint,
1319 2781 1355 2849 et

188 2887 340 2970 Wagneri
361 2887 526 2975 explicatio
547 2887 669 2968 Vergilii
689 2907 817 2973 quoque
838 2887 908 2955 loco
928 2887 1009 2955 Aen.
1032 2886 1080 2963 Ill,
1092 2885 1153 2951 414
1172 2904 1240 2967 sqq.
1261 2883 1357 2957 valde

190 2996 329 3076 fulcitur,
352 2995 406 3059 ubi
427 2994 467 3059 de
485 2993 598 3065 Peloro
622 2994 751 3061 dicitur:
780 2994 860 3065 haee
880 2993 951 3061 loca
970 2994 1003 3057 vi
1023 2991 1188 3074 quondam
1209 2995 1241 3062 et
1261 2993 1356 3073 vasta

190 3102 339 3171 convolsa
359 3100 453 3199 ruina
473 3099 639 3173 dissiluisse
660 3099 773 3165 ferunt.
800 3133 839 3144 -
868 3099 934 3165 Val.
956 3098 1005 3177 lv,
1017 3098 1094 3167 356:
1122 3102 1278 3180 antraque
1298 3097 1356 3176 de-

189 3229 323 3309 prensae
343 3210 543 3275 tremuerunt
558 3208 683 3289 conseia
698 3207 817 3291 culpae,
840 3206 1070 3284 Aenllsslddl
1082 3206 1200 3287 :gemit
1213 3209 1353 3279 antrum.

190 3319 342 3386 Conscius
374 3336 475 3387 unum
504 3337 544 3389 ex
572 3315 733 3387 vocabulis
759 3317 823 3399 est,
858 3333 942 3399 quae
971 3313 1123 3396 Vergilius
1151 3316 1182 3377 et
1209 3311 1354 3389 Valerius

190 3446 285 3510 saepe
305 3423 519 3511 metaphorice
540 3427 705 3508 usurpant.
1344 3419 1346 3423 ’
1378 3406 1381 3412 ’

273 3533 433 3597 Montibus
454 3550 582 3614 quoque
596 3532 693 3597 verba
706 3533 803 3613 poeta
817 3529 916 3606 addit,
937 3547 1019 3610 quae
1037 3526 1203 3589 hominum
1222 3525 1354 3591 affectus

192 3643 223 3711 et
244 3640 384 3704 actiones
405 3637 593 3720 exprimunt.
625 3635 739 3701 Videas
760 3656 878 3720 quaeso
900 3635 935 3711 ll,
950 3634 1010 3698 359
1019 3652 1082 3722 sq:
1104 3631 1254 3712 Pangaea
1275 3631 1354 3697 Gar-

193 3764 333 3828 garaque
353 3744 507 3810 steterunt
525 3743 701 3814 formidine.
744 3743 785 3815 ib.
809 3744 846 3805 15
867 3761 932 3824 sq:
964 3740 996 3805 in
1021 3738 1141 3802 nubem
1162 3737 1240 3802 Ossa
1262 3739 1354 3817 redit,

191 3850 211 3916 i.
223 3871 249 3918 e.
264 3870 303 3915 ex
317 3851 413 3917 oeulis
429 3849 547 3916 tollitur
559 3849 607 3913 vel
620 3847 848 3931 longinquitate
863 3847 951 3911 velut
972 3845 1057 3909 nube
1079 3847 1164 3915 tecta
1184 3847 1351 3915 evanescit.

193 3959 233 4023 ib.
256 3958 311 4021 38:
344 3976 377 4021 se
402 3961 529 4027 vertens
556 3955 718 4043 Olympus.
767 3955 807 4019 ib.
831 3955 908 4018 619:
936 3952 1056 4034 stupuit
1081 3950 1204 4033 fragore
1226 3951 1351 4019 Taurus

193 4071 223 4143 et
235 4065 357 4143 Atlans,
390 4063 413 4141 t,
426 4065 503 4137 727:
524 4063 630 4143 infelix
650 4061 801 4137 Haemus
830 4061 870 4139 V,
882 4061 940 4131 81:
963 4057 1068 4133 infelix
1088 4062 1217 4143 cuperet
1238 4060 1351 4127 uidisse
