2828 4778
666 269 685 335 3
734 221 739 232 .

92 453 318 538 vituperandus
347 450 439 535 est1),
470 450 524 534 qui
551 455 583 516 et
612 450 736 532 saepius
764 449 863 515 nimia
883 448 1031 514 violentia
1059 452 1091 514 et
1118 446 1252 513 audacia

90 560 245 627 nonnulla
269 559 453 637 mutaverit,
483 577 565 647 quae
596 578 634 622 ex
662 557 788 621 duriore
816 555 939 620 dicendi
970 575 1086 638 genere
1105 555 1252 638 explicari

89 670 219 752 possint,
239 671 271 733 et
290 667 466 748 complures
487 664 683 728 coniecturas
706 662 899 739 audaciores,
922 682 1004 744 quae
1026 683 1159 744 parvam
1179 681 1252 745 pro-

88 776 284 840 babilitatem
306 793 384 856 prae
405 793 438 836 se
460 772 575 847 ferant,
596 771 746 852 receperit
764 774 797 834 et
815 770 893 833 alios
915 770 1063 848 editoreS,
1079 769 1251 864 'praecipue

89 881 327 956 Scheukelium,
360 880 414 962 qui
445 880 592 942 traditam
622 876 788 942 lectionem
819 895 918 958 quam
949 877 1086 941 maxime
1113 878 1251 954 servant,

88 990 253 1072 aliquoties
274 989 341 1052 sine
359 1005 455 1051 causa
472 984 690 1048 vehementius
707 984 909 1048 accusaverit.
940 983 1130 1066 Supremam
1148 982 1250 1064 legem

88 1097 122 1163 in
140 1095 265 1161 ‘Valerio
286 1093 487 1159 emendando
507 1112 577 1156 eam
602 1092 716 1156 debere
738 1111 804 1155 esse
825 1110 954 1168 censeo,
977 1111 1016 1156 ea
1037 1091 1105 1155 sola
1125 1091 1251 1169 mutari,

89 1222 174 1285 quae
196 1201 339 1283 explicari
361 1220 426 1265 non
443 1200 572 1283 possint.
605 1199 689 1264 Nam
710 1199 735 1261 si
756 1197 846 1262 aliter
865 1201 1074 1263 statueremus
1093 1202 1124 1262 et
1145 1199 1252 1264 omnia

91 1310 134 1374 ad
170 1328 262 1375 usum
293 1308 451 1373 bonorum
496 1307 683 1388 scriptorum
720 1325 867 1369 revocare
907 1304 1071 1384 vellemus,
1114 1306 1251 1389 plurima

90 1415 244 1491 multanda
274 1418 386 1480 essent.
436 1414 548 1479 Nescio
578 1432 621 1478 an
651 1412 861 1476 Baehrensius
891 1413 922 1477 id
952 1414 1077 1496 assequi
1108 1413 1251 1493 voluerit,

88 1521 175 1603 quod
213 1521 271 1585 Ph.
303 1519 517 1602 Wagnerus⁹l
552 1520 714 1602 proposuit
746 1523 778 1582 et
813 1520 943 1602 cupivit:
986 1521 1048 1585 Um
1081 1521 1159 1584 aber
1195 1522 1253 1585 das

89 1634 229 1710 grdssere
258 1648 304 1692 an
328 1629 384 1692 der
412 1626 590 1692 rbmischen
615 1626 771 1690 Literatur
797 1626 1053 1691 theilnehmeude
1073 1627 1252 1708 Publicum,

87 1735 145 1801 das
166 1735 257 1799 mehr
276 1734 360 1801 nach
380 1733 562 1798 Lesbarlreit
588 1733 635 1798 als
656 1733 739 1797 nach
761 1733 924 1796 krltischer
943 1731 1137 1798 Correctheit
1158 1735 1249 1816 fregi,

87 1862 147 1908 zm
170 1841 303 1907 Lectrire
335 1842 392 1906 des
414 1841 556 1907 Valeriis
583 1840 784 1917 einzuladen,
809 1845 894 1904 ware
923 1859 955 1904 es
985 1860 1023 1904 zu
1050 1841 1251 1924 moglichster

189 2038 209 2107 ¹)
228 2037 276 2091 cfr.
293 2035 485 2091 Schenkelius:
521 2036 679 2091 Zeitschrift
699 2036 744 2093 fiir
761 2037 805 2091 die
823 2035 1064 2092 osterreichischdn
1083 2037 1249 2108 Gymnasien

87 2124 154 2178 1875
172 2142 198 2194 p.
215 2123 265 2177 635
284 2140 341 2191 sqq.
367 2122 534 2177 »Vaticanus
550 2123 658 2192 inepte«
678 2123 723 2178 vel
740 2122 939 2194 ›ineptissime‹
960 2123 1141 2178 Baehrensius
1158 2124 1249 2180 dicere

86 2210 168 2273 solet,
192 2209 240 2263 ubi
265 2208 374 2278 saepius
396 2208 446 2263 alii
467 2209 562 2279 inepta
587 2208 707 2280 reperire
737 2228 793 2264 non
817 2212 939 2280 possunt.
976 2210 1069 2264 Unum
1092 2211 1248 2281 exemplum

86 2297 210 2359 silerem,
229 2313 284 2364 quo
301 2295 362 2350 loco
381 2296 535 2352 mutatione
554 2295 668 2352 minime
687 2313 755 2366 opus
773 2299 822 2352 est.
858 2297 890 2367 V,
910 2295 961 2349 618
979 2313 1038 2365 sqq.
1056 2297 1159 2351 dicitur
1176 2299 1250 2352 Mars

88 2381 174 2449 queri,
192 2382 333 2439 Palladem
351 2382 468 2452 Minyas,
486 2384 519 2436 ut
535 2385 619 2438 antea
636 2383 736 2453 palam,
752 2385 813 2437 tum
833 2382 917 2438 etiam
930 2381 1036 2438 insidiis
1050 2382 1155 2438 iuvare.
1184 2385 1248 2440 Non

86 2484 224 2535 quererer,
237 2468 337 2538 inquit,
355 2468 378 2522 si
395 2468 446 2522 illa
464 2469 558 2539 palam
577 2487 685 2524 mecum
701 2471 834 2534 certaret,
853 2470 926 2538 quod
944 2468 1063 2523 libenter
1078 2469 1104 2523 ei
1120 2474 1248 2528 concedo.
1306 2541 1309 2547 ι

88 2553 141 2609 sed
160 2570 240 2624 aegre
257 2554 323 2620 fero,
342 2556 416 2624 quod
434 2574 507 2611 nunc
525 2556 631 2610 insidiis
650 2558 679 2611 et
698 2556 761 2612 dolo
780 2557 878 2610 utitur.
907 2553 959 2610 628
968 2573 1027 2624 sqq.
1044 2555 1162 2625 legitur:
1180 2576 1247 2612 num

86 2656 200 2708 queror,
219 2643 356 2696 exstructa
374 2643 448 2710 quod
467 2643 576 2697 vexerit
599 2643 659 2713 ipsa
675 2643 768 2698 carina
786 2643 890 2698 vellera
908 2659 985 2696 saera
1001 2642 1071 2696 meis
1088 2648 1247 2713 sperantem

86 2727 211 2781 avertere
229 2727 296 2782 lucis
321 2729 450 2798 quodque
468 2730 561 2799 palam
579 2732 674 2784 tutata
691 2729 784 2784 viros?
820 2726 859 2783 sic
875 2729 968 2783 cetera
985 2731 1097 2799 pergat,
1119 2730 1143 2784 si
1161 2732 1248 2800 valet,

84 2811 192 2869 insidiis
212 2813 279 2883 quid
297 2832 371 2869 nunc
388 2814 533 2870 fallacibus
556 2815 645 2871 ambit
670 2833 692 2870 e.
712 2834 737 2884 q.
756 2834 776 2870 s.
813 2815 993 2870 Baehrensins
1017 2817 1053 2870 ad
1075 2817 1125 2872 hos
1153 2837 1246 2875 versus

84 2899 216 2954 adnotat:
251 2900 417 2969 »Postquam
435 2902 561 2956 Phoebus
585 2920 613 2956 se
638 2918 693 2956 non
711 2903 747 2956 de
765 2901 903 2956 veteribus
921 2902 1043 2957 Palladis
1067 2903 1147 2958 factis
1165 2907 1245 2974 queri

73 2985 247 3053 affirmavit,
265 2986 322 3041 iam
340 2987 435 3042 debuit
453 2987 551 3042 afferre
576 3005 646 3042 nova
664 2987 723 3043 eius
742 3006 813 3058 quae
833 2987 884 3042 sibi
902 2987 990 3042 dolori
1008 2992 1098 3044 essent
1114 2990 1245 3048 facinora.

83 3071 132 3126 631
152 3071 219 3140 quid
236 3089 292 3126 non
310 3072 419 3142 scripsi,
444 3074 511 3142 quid
530 3093 603 3129 nunc
622 3075 648 3130 V
666 3075 784 3145 inepte«.
817 3075 897 3131 Certe
923 3074 1049 3144 queritur
1075 3075 1149 3130 Mars
1174 3079 1244 3147 (non

82 3158 221 3227 Phoebus)
238 3160 273 3213 de
290 3160 368 3214 novis
383 3161 505 3215 Palladis
522 3160 697 3216 facinoribus.
725 3162 795 3216 Dolo
810 3162 892 3225 enim,
910 3179 973 3226 non,
991 3165 1024 3217 ut
1040 3165 1131 3225 antea,
1150 3162 1243 3231 palam

82 3261 146 3299 eam
167 3262 257 3299 sectum
280 3248 388 3301 aemam
410 3246 583 3318 indignatur.
618 3248 687 3304 Cum
710 3247 913 3317 apertissimum
937 3248 986 3312 sit,
1014 3248 1156 3303 Palladem
1180 3249 1246 3304 dolo

82 3330 136 3394 uti,
155 3331 314 3386 Baehrensii
334 3332 415 3402 »quid
433 3350 504 3388 non«
525 3334 680 3389 sententiae
697 3334 785 3389 totius
803 3334 856 3389 loci
876 3334 1048 3389 contradicit.
1083 3335 1132 3389 cfr.
1149 3355 1173 3390 v.
1192 3336 1241 3391 621

83 3415 273 3486 ambitumque
291 3435 392 3482 senem,
410 3419 439 3473 et
457 3438 481 3473 v.
500 3420 558 3483 662,
577 3437 632 3488 quo
650 3419 710 3474 loco
727 3420 819 3473 Pallas
836 3437 863 3474 se
882 3419 1006 3474 defendit
1025 3423 1054 3474 et
1072 3439 1152 3474 suum
1169 3422 1244 3491 pacis
1317 3433 1319 3437 ’

83 3514 203 3558 umorem
222 3503 319 3559 Martis
338 3504 461 3559 bellandi
480 3505 605 3575 cupidini
623 3505 783 3575 anteponit:
820 3522 856 3559 an
876 3505 967 3559 nullas
985 3506 1123 3576 praeferre
1141 3525 1243 3577 preces,

82 3605 132 3644 nec
148 3589 259 3644 foedera
277 3589 348 3660 regis
367 3591 425 3646 ulla
443 3591 528 3660 sequi,
547 3609 628 3646 caeca
645 3592 693 3646 sed
708 3594 807 3646 cuncta
824 3591 957 3662 inpellere
973 3610 1067 3663 pugna
1080 3593 1242 3650 debuimus?

82 3675 121 3731 sic
138 3676 257 3731 Threces
275 3677 444 3746 agimt„sic
463 3678 591 3733 turbidus
615 3678 683 3743 iste,
707 3695 730 3734 e.
750 3697 777 3747 q.
794 3698 815 3733 s.
839 3680 872 3734 V.
891 3679 942 3732 662
970 3679 1150 3735 Baehrensius
1173 3683 1241 3736 Bur·

80 3779 213 3817 namnum
231 3764 341 3818 secutus
360 3765 529 3834 »praeferre«
542 3765 602 3821 sine
615 3764 736 3820 oausain
750 3766 901 3836 ›perferre‹
916 3765 1043 3820 mutavit.
1070 3766 1239 3822 ›Praeferre‹

79 3845 175 3903 autern
192 3849 281 3904 multo
300 3849 398 3905 melius
416 3852 472 3916 est,
497 3869 559 3906 cum
586 3853 681 3907 valeat
702 3853 777 3906 idem
804 3855 877 3921 qnod
904 3854 984 3906 »ante
1009 3852 1136 3922 precibus
1158 3871 1241 3922 quam

76 3933 161 3990 armis
177 3951 235 3989 rem
254 3936 389 3991 tentare«.
404 3969 431 3976 -
452 3939 486 3991 Μ.
509 3939 662 3993 Bonnetius
681 3956 791 4009 quoque
810 3939 917 4009 (Revue
937 3938 1054 4006 critique
1074 3940 1140 3993 1816
1160 3960 1185 4010 p.
1199 3941 1241 4008 11)

77 4022 108 4076 in
126 4040 152 4077 v.
171 4023 222 4077 630
239 4039 279 4090 sq.
301 4022 471 4091 explicandis
495 4024 691 4080 Baehrensium
715 4042 806 4079 errare
828 4025 1036 4080 demonstravit.
1053 4058 1086 4066 -
1115 4026 1137 4098 ¹)
1161 4027 1241 4080 Jahn.

75 4126 141 4164 ann.
161 4110 180 4163 l.
189 4109 208 4164 1.
225 4127 251 4179 p.
261 4110 320 4164 407.
