2828 4778
27 94 30 99 '
140 94 186 158 ris
207 94 398 176 dextrasque
419 97 564 176 potentes
585 115 651 159 esse
671 96 795 172 ierunt,
815 116 889 177 pro:
911 115 1011 177 genus
1032 97 1232 180 dextrasque,

62 186 76 207 ‘'
113 222 132 265 ι.
161 200 288 282 generis
319 200 511 283 dextraeque
542 203 693 283 potentis,
730 203 816 285 quod
847 202 994 266 Heinsius
1026 203 1147 267 maluit.
1189 205 1231 268 ih.

81 382 86 391 .
131 327 221 390 sqq:
243 310 278 370 at
298 306 354 370 tibi
367 305 480 372 Pollux
500 309 596 390 stirpe
617 328 709 391 pares
724 307 899 389 Castorque
919 312 1060 387 manent,
1082 312 1116 372 at
1127 314 1232 376 cetera

29 476 49 485 ,,
139 432 175 477 m
203 413 385 496 progenieS,
416 432 476 478 nec
498 433 599 496 parva
622 414 700 478 mihi
724 415 841 478 fiducia
862 415 979 495 gentiS,
1011 435 1085 496 pro:
1117 419 1151 479 at
1172 437 1232 498 ego

45 508 118 583 turi
141 539 270 583 maneo.
317 519 380 582 Sed
402 519 482 583 haec
502 519 671 598 hactenus,
703 540 776 583 cum
797 520 911 585 Valerii
932 520 1086 585 rationem
1107 521 1232 586 dicendi

48 618 126 705 hac
147 625 181 689 in
201 643 236 688 re
257 625 333 688 satis
355 624 588 690 demonstrasse
611 626 687 690 mihi
708 626 825 690 videar.

118 780 121 789 Ι
237 778 239 781 v
360 827 387 885 7·
421 804 469 871 De
493 803 675 889 hypallage
703 803 939 888 epithetorum.

146 934 220 1012 Qua
244 935 347 1017 figura
375 939 411 1001 ut
438 937 563 1016 Cicero,
597 938 701 1002 Livius
729 939 842 1022 aliique
871 940 1037 1022 scriptores
1065 958 1130 1002 non
1160 958 1232 1002 raro

57 1045 214 1127 utuntur,
244 1042 288 1106 ita
308 1044 488 1125 saepissime
510 1048 675 1126 poetarum
697 1063 786 1109 more
807 1044 948 1108 Valerius
969 1045 1108 1127 epitheta
1129 1048 1234 1108 trans·

57 1149 138 1226 tert,
160 1148 278 1231 quibus
298 1148 330 1211 in
350 1150 636 1230 permutationibus
657 1151 828 1214 sexcenties
848 1154 959 1233 tropus
986 1151 1232 1233 prosopopoeiae

58 1253 178 1317 existit.
228 1253 250 1332 l,
281 1254 360 1318 401:
394 1254 562 1319 intendens
596 1257 728 1321 dubium
765 1261 854 1339 pater
883 1277 1003 1322 arcum.
1055 1256 1230 1321 »Dubium«

58 1361 189 1444 poetice
202 1361 328 1445 dictum
350 1366 411 1440 est,
442 1383 514 1426 cum
544 1367 639 1446 poeta
665 1365 710 1427 rei
737 1364 931 1441 inanimatae
959 1383 1087 1427 sensum
1114 1363 1234 1426 timoris

58 1467 195 1531 tribuat.
243 1468 321 1532 Vide
349 1468 399 1546 lV,
426 1470 505 1533 527:
542 1469 644 1533 dubiis
676 1470 816 1552 elanguit
850 1471 915 1534 alis.
963 1471 1004 1534 ih.
1033 1471 1111 1534 571:
1142 1473 1233 1552 pater

61 1573 200 1659 pavidas
228 1574 395 1657 detorquet
425 1576 585 1655 habenas,
617 1597 693 1660 pro:
729 1577 871 1660 pavidus.
920 1578 1007 1641 ldem
1034 1580 1081 1640 est
1104 1576 1138 1653 V,
1155 1577 1236 1640 426:

61 1680 201 1764 pavidas
228 1680 301 1744 iacit
330 1680 382 1745 illa
406 1682 590 1766 pharetras,
623 1688 655 1747 et
677 1683 726 1762 lV,
748 1684 826 1747 534:
857 1704 922 1747 non
944 1683 1079 1766 pavidae
1100 1683 1234 1746 miratur

61 1787 185 1870 gaudia
205 1806 343 1853 mensae.
385 1787 532 1851 Similiter
553 1788 740 1853 dictumest
768 1790 809 1853 ib.
833 1789 909 1854 759:
944 1789 1091 1852 mirantia
1112 1787 1233 1851 lumina

61 1894 175 1958 volvit.
217 1892 298 1958 Cum
327 1894 392 1976 ipse
420 1899 576 1972 meretur,
608 1896 730 1961 lumina
757 1896 906 1960 mirantia
933 1895 1148 1959 nominantur.
1189 1892 1232 1956 ib.

63 2001 127 2064 309.
149 2018 215 2082 sq.:
245 2001 310 2083 agit
329 2000 508 2066 inconsulta
529 2023 585 2084 per
605 2023 700 2066 auras
719 2003 858 2068 brachia.
899 2003 1034 2067 Brachia
1056 2000 1233 2065 inconsulta

61 2111 236 2185 vocantur,
264 2109 352 2190 quod
380 2109 445 2192 ipse
474 2110 669 2174 inconsultus
698 2116 753 2175 est.
802 2110 952 2186 111,5ea:
982 2108 1092 2172 avidas
1119 2105 1234 2169 iniecta

62 2233 200 2307 manus,
231 2234 305 2296 pro:
334 2215 437 2278 avida.
481 2215 622 2280 Valerius
652 2217 799 2280 manibus
827 2216 951 2292 tribuit,
983 2213 1072 2297 quod
1099 2211 1235 2275 hominis

61 2325 129 2398 est,
152 2321 206 2404 qui
228 2341 343 2386 manus
365 2322 459 2387 inicit.
506 2323 569 2408 Vll,
588 2324 665 2387 296:
694 2323 832 2405 trepidas
862 2321 966 2386 obruit
993 2339 1094 2385 aures.
1144 2317 1234 2396 Quae

63 2447 140 2492 cum
163 2427 208 2492 ila
227 2429 299 2506 sint,
321 2429 531 2494 Baehrensius
551 2430 573 2506 Ι,
591 2431 667 2494 183:
688 2449 811 2511 gressus
833 2428 942 2493 avidos
963 2427 1005 2491 ad
1020 2426 1110 2489 litora
1131 2425 1234 2503 vertit,

62 2553 132 2598 non
154 2538 239 2598 reete
259 2554 318 2617 pro
342 2535 488 2599 »avidos«
520 2536 683 2619 »rapidos«
713 2536 844 2618 scripsit.
888 2534 1079 2616 1,488sq.:
1109 2531 1234 2596 ardenti

63 2641 241 2706 Aesonides
260 2641 435 2706 retinacula
455 2640 539 2713 ferro
560 2642 709 2720 abscidit,
730 2662 806 2726 pro:
828 2641 953 2706 ardens.
996 2640 1142 2704 Similiter
1152 2637 1232 2701 Aen.

62 2748 119 2826 ΧΙ,
142 2748 220 2811 654:
248 2749 368 2831 spicula
394 2769 545 2813 converso
574 2751 725 2830 fugientia
746 2749 858 2832 derigit
883 2769 976 2827 areu,
1008 2749 1028 2811 i.
1051 2766 1078 2809 e.
1100 2744 1230 2826 fugiens.

62 2854 136 2918 Val.
157 2853 193 2932 ll,
215 2855 276 2919 545
297 2875 361 2937 sq:
394 2854 567 2938 superabat
598 2861 714 2922 ovante
744 2857 835 2921 litora
863 2860 933 2920 tuta
954 2853 1066 2936 gradu.
1109 2848 1233 2914 Gradus

62 2980 168 3027 ovans
190 2961 319 3039 dicitur,
341 2982 414 3027 cum
436 2963 477 3040 is,
499 2963 554 3044 qui
573 2963 732 3045 graditur,
761 2966 844 3026 ovet.
886 2961 910 3039 Ι,
930 2961 991 3023 802
1012 2979 1076 3040 sq:
1103 2955 1235 3020 ovantia

62 3071 179 3133 contra
199 3087 255 3132 ora
276 3087 456 3150 manusque
478 3071 587 3134 feram.
628 3069 820 3150 111,239sq.:
842 3071 928 3131 certo
948 3064 1082 3130 tendens
1102 3061 1234 3126 stridore

63 3195 124 3258 per
146 3174 295 3240 umbram
309 3176 437 3240 Aesonii
458 3177 544 3241 venit
560 3178 653 3240 hasta
673 3176 770 3239 ducis.
811 3175 848 3252 V,
867 3174 939 3237 141:
961 3170 1089 3255 pervigil
1108 3168 1235 3233 auditur

63 3270 247 3364 Chalybum
281 3283 387 3372 labor,
417 3303 490 3367 pro:
525 3282 720 3368 pervigilum.
779 3281 877 3346 Simili
914 3281 1011 3344 modo
1040 3278 1159 3342 dictum
1189 3279 1236 3340 est

62 3389 100 3465 ll,
125 3389 187 3452 alo
204 3409 268 3472 sq:
291 3391 412 3455 clamor
429 3396 615 3474 precantum
637 3391 810 3467 harbaruS,
833 3389 851 3453 i.
864 3389 1021 3454 aclamor
1036 3386 1236 3469 precantium

63 3497 280 3560 barbararum
305 3498 502 3563 feminarum.
545 3497 642 3576 litt:
664 3498 743 3562 caris
752 3497 873 3561 socium
888 3494 1076 3576 digressibus
1092 3492 1234 3568 haerent,

65 3621 142 3684 pro:
165 3622 320 3665 rarorum.
363 3604 404 3666 ih.
426 3604 503 3666 347:
531 3608 577 3667 ter
606 3585 747 3668 annates
771 3603 883 3686 Minyis
906 3600 1112 3665 referentibus
1134 3597 1235 3662 orbes.

64 3707 168 3774 Orbes
189 3711 305 3773 armati
326 3711 550 3787 nominantur,
572 3710 658 3793 quod
681 3710 806 3793 Minyae
827 3707 942 3773 armati
962 3709 1046 3770 sunt
1089 3703 1235 3768 Similiter
