2828 4778
702 269 744 338 68

139 451 319 537 patiebatur
340 470 407 515 esse
427 449 528 528 diem,
557 451 634 534 quin
656 454 713 516 aut
739 451 772 516 iu
792 453 862 516 foro
883 450 999 516 diceret
1019 455 1080 518 aut
1102 453 1297 522 meditaretur

139 563 228 623 extra
249 559 350 624 sorum
373 557 471 623 talscb
492 558 568 622 sein.

219 691 241 767 Ι,
252 688 415 754 atu—asa
438 689 624 753 indicativus
639 691 672 752 et
687 688 904 753 coniunctivus
925 690 1054 773 perfecti
1070 695 1292 774 permutantur.

137 797 199 875 Vll,
223 799 281 861 119
302 816 367 878 sq:
396 796 530 877 quaerit,
552 799 588 858 ut
606 795 721 859 Aeaeis
742 794 855 877 hospes
876 796 1053 860 consederit
1076 798 1142 862 oris
1163 797 1292 876 Phrixus,

135 908 170 968 ut
191 903 297 983 aligeri
318 901 429 965 Circen
455 919 590 982 rapuere
611 901 772 965 dracones.
817 900 880 964 Sed
906 919 972 965 non
1001 901 1119 967 iniuria
1152 903 1293 969 hocloco

133 1007 379 1087 Loehbaehius1)
398 1006 574 1071 mutatione
596 1006 753 1070 lenissima
776 1006 935 1071 vconsedit
956 1008 988 1071 in
1010 1008 1092 1071 misc
1114 1011 1243 1094 scripsit.
1260 1043 1292 1055 -

135 1115 258 1194 walo
274 1135 338 1198 sq.:
366 1113 445 1178 baut
467 1113 523 1177 tibi
546 1112 699 1195 pulchrae
718 1114 868 1178 manserit
890 1113 952 1179 boc
973 1114 1055 1178 ultra
1075 1116 1190 1183 frontis
1210 1117 1292 1183 decu

135 1241 232 1287 orave
253 1222 346 1285 matri
367 1224 444 1285 nota
464 1220 552 1285 feres.

216 1353 410 1418 Infinitivum
434 1355 465 1415 et
488 1350 685 1434 participium
713 1350 825 1414 eodem
849 1371 921 1415 cum
944 1351 1043 1416 verbo
1064 1354 1237 1418 coniuncta
1253 1351 1292 1415 in·

134 1462 240 1525 venies
261 1459 283 1537 Ι,
296 1459 354 1524 125
375 1478 432 1540 sq„
454 1457 491 1535 ΙΙ,
503 1457 543 1521 82
561 1477 618 1539 sq,
641 1455 689 1534 ΙΙΙ,
704 1457 765 1520 51u
784 1476 842 1539 sq..
864 1456 913 1533 Vl,
929 1457 991 1521 734
1010 1478 1091 1541 sqq,
1113 1459 1137 1536 Ι,
1155 1459 1215 1523 265
1235 1478 1291 1540 sq:

134 1568 251 1651 placito
277 1565 303 1629 si
326 1583 452 1628 currere
475 1564 574 1628 tluctu
596 1563 690 1628 Pelea
712 1563 805 1626 vultis
826 1566 1000 1645 ventosque
1021 1568 1134 1646 optare
1158 1565 1291 1641 ferenes.

135 1693 218 1756 quae
237 1671 336 1736 verba
353 1671 413 1735 Pb.
434 1668 642 1752 Wagnerusu
665 1669 709 1732 sic
730 1668 879 1751 explicat:
909 1669 933 1733 si
957 1669 1050 1734 vultis
1070 1669 1170 1735 Pelea
1190 1674 1291 1754 optare

132 1779 257 1863 placido
278 1778 376 1842 ssuctu
398 1795 523 1841 currere
552 1779 584 1840 et
612 1776 638 1838 si
666 1775 759 1838 vultis
787 1793 860 1838 eum
888 1777 999 1857 optare
1021 1779 1133 1840 ventos
1156 1778 1290 1843 ferentes.

133 1886 247 1951 Addit:
280 1883 320 1948 Es
339 1883 462 1947 kommt
483 1882 534 1946 die
554 1880 701 1963 doppelte
719 1880 939 1945 Construction
961 1881 1123 1947 desselben
1143 1883 1292 1948 Verbums
1316 1908 1328 1965 y:

133 1995 191 2060 mit
214 1993 287 2056 dem
309 1990 446 2055 Infinitiv
475 1990 540 2054 und
570 1989 629 2053 mit
655 1989 728 2052 dem
749 1987 955 2069 Participium
984 1988 1033 2052 bei
1062 1989 1125 2053 den
1148 1988 1291 2054 Dichtern
1326 1948 1328 2041 Ι

132 2100 241 2181 hdufig
260 2118 327 2176 vor,
349 2116 403 2161 am
421 2096 600 2177 bautigsten
618 2094 733 2176 gerade
754 2095 805 2159 bei
826 2093 977 2158 Valerius.
1009 2094 1072 2159 Sed
1095 2094 1182 2161 banc
1198 2095 1290 2179 Wag-

132 2207 199 2271 neri
227 2204 494 2269 constructionem
531 2201 624 2266 nimis
657 2201 833 2284 quaesitam
862 2218 929 2264 esse
958 2200 1199 2285 Schenkelius⁸)
1232 2203 1291 2267 iam

132 2311 369 2379 demonstravit.

213 2445 249 2524 ll,
270 2443 331 2508 509
354 2462 423 2526 sqq.
460 2439 640 2516 infinitivus,
663 2439 873 2521 participium,
895 2438 1095 2518 eductivum,
1117 2438 1291 2505 coniunctio

133 2557 206 2618 ›ut‹
235 2573 255 2617 a
276 2550 374 2616 verbo
398 2546 545 2631 stupendi
567 2546 715 2630 pendent.
757 2544 931 2610 lntinitivus
960 2548 991 2611 et
1017 2545 1199 2613 coniunctio
1222 2549 1289 2612 »ut«

130 2660 300 2725 coniuncta
328 2661 403 2722 sunt
432 2655 481 2734 vl,
506 2655 543 2719 16
563 2675 628 2738 sq.:
659 2652 786 2729 edocet,
814 2651 913 2717 adfari
934 2651 1057 2735 Minyas
1083 2653 1290 2738 fraudemque

130 2765 257 2849 tyranni
288 2767 324 2828 ut
350 2766 513 2829 moneant.
553 2761 700 2826 Similiter
727 2759 846 2824 dictum
882 2763 929 2823 est
973 2759 995 2838 Ι,
1016 2760 1078 2824 478
1097 2779 1187 2843 sqq:
1227 2778 1291 2826 sors

129 2869 204 2950 tibi,
232 2889 339 2952 nequa
365 2873 455 2954 parte
483 2869 591 2934 trabat
616 2867 748 2933 tacitum
771 2866 885 2949 puppis
905 2885 994 2931 mare
1015 2866 1152 2950 rasaque
1173 2868 1293 2935 condu-

127 3000 198 3046 cere
218 2977 359 3042 vulnera.

209 3111 238 3175 5.
281 3106 432 3188 Enallage
451 3123 558 3182 casua
590 3103 615 3167 si
641 3101 850 3168 Baehrensius
872 3106 970 3181 recte,
1001 3106 1037 3167 ut
1059 3102 1137 3168 mihi
1158 3105 1291 3184 videtur,

127 3217 270 3294 coniecit,
292 3218 341 3281 est
363 3214 384 3293 Ι,
395 3213 473 3278 230:
493 3211 607 3294 plenus
620 3209 707 3293 pacis
722 3208 792 3292 (pro
806 3208 925 3287 »latis«,
949 3207 1035 3292 quod
1056 3209 1179 3277 codices
1200 3231 1294 3295 prae·

126 3324 230 3404 bont),
257 3321 452 3404 Phoeboque
484 3318 600 3402 quieto.
664 3315 736 3380 Duo
763 3314 919 3380 vocabula
949 3313 1014 3381 tere
1045 3315 1130 3380 idem
1161 3317 1294 3400 quidem

125 3431 248 3508 notant,
269 3427 325 3493 sed
348 3431 475 3492 tantum
498 3425 608 3490 abesse
629 3426 664 3488 ut
684 3423 763 3488 tales
784 3420 975 3487 elocutiones
992 3421 1135 3486 Valerius
1152 3427 1293 3508 respuat,

125 3539 161 3600 ut
180 3534 331 3617 singulari
352 3533 456 3597 studio
476 3534 623 3614 quaerat,
649 3531 714 3594 iam
736 3528 921 3593 videbimus.
963 3527 1110 3593 Similiter
1133 3528 1293 3597 ablativus

124 3640 192 3704 sine
214 3639 445 3723 praepositione
465 3638 584 3718 positus
605 3638 637 3699 ct
653 3634 810 3699 ablativus
831 3651 904 3696 cum
925 3633 1153 3714 praepositione
1169 3638 1292 3718 positus

125 3746 294 3810 coniuncta
313 3747 389 3809 sunt
408 3742 430 3819 Ι,
442 3742 502 3805 385
518 3760 582 3822 sq.:
604 3738 677 3818 (cui)
698 3737 782 3819 palla
803 3738 883 3800 imos
903 3735 974 3800 serit
993 3737 1067 3804 alba
1083 3739 1180 3822 pedes
1195 3742 1292 3808 vitta.

123 3854 220 3933 taque
239 3851 341 3914 fronte
363 3847 457 3913 cassis
478 3848 509 3909 et
531 3845 563 3908 in
584 3861 710 3908 summo
733 3840 840 3904 laurus
860 3839 978 3905 Peneia
998 3862 1089 3908 cono.
1134 3844 1290 3937 »Frontec

223 4085 242 4153 Ι)
262 4083 338 4136 Stud.
359 4101 386 4152 p.
407 4084 447 4135 13.
467 4110 498 4120 -
521 4081 541 4148 ⁹)
560 4078 641 4132 Jahn.
661 4094 724 4130 ann.
744 4076 762 4130 l.
780 4075 797 4130 l.
818 4094 843 4144 p.
862 4076 922 4130 385.
942 4107 974 4116 -
997 4079 1018 4148 Ἰ
1038 4079 1154 4137 Studien
1173 4101 1200 4153 p.
1220 4085 1281 4141 364.
