2828 4778
644 256 664 320 9

67 436 198 502 moleste
209 437 344 500 ferentes
356 431 379 514 ¹)
389 452 519 516 operam
530 433 698 517 oleumque
707 432 876 516 perdidisse
887 433 1057 499 editoribus
1067 433 1224 509 videntur,

67 535 204 627 quorum
230 561 326 606 nemo
353 541 392 604 sit
422 545 615 618 commotus,
646 544 682 605 ut
706 541 872 606 lectionem
900 541 1049 606 traditam
1078 542 1224 604 mutaret.

64 651 269 715 Burmannus
289 667 363 711 cum
385 646 442 710 Pio
468 665 616 710 »nemus«
646 666 703 729 pro
732 647 822 728 lignis
850 648 953 712 subito
975 647 1016 710 ad
1037 646 1224 711 sacrificium

64 757 184 840 paratis
204 755 323 819 dictum
341 773 407 818 esse
427 754 545 831 statuit,
567 756 604 817 ut
617 753 749 822 verbum
766 755 902 818 nemoris
918 754 959 818 ab
975 753 1086 818 Ovidio
1106 752 1226 836 aliquot

65 863 140 926 locis
160 864 348 944 usurpatum
380 865 443 937 est,
475 861 531 924 sed
563 880 628 924 non
656 864 741 925 recte
770 861 802 926 id
830 862 911 926 facit
954 861 1024 926 Iure
1052 879 1110 924 suo
1138 860 1163 924 J.
1185 859 1224 923 A.

66 969 247 1049 Wagnerus
267 966 427 1031 Valerium
448 985 513 1030 non
535 965 574 1030 de
595 967 751 1048 parando,
778 968 833 1031 sed
855 967 895 1032 de
916 967 1056 1032 fintendo
1075 966 1225 1032 sacrificio

64 1076 219 1157 cogitasse
241 1073 315 1138 dicit
343 1076 374 1136 et
397 1072 546 1154 explicat:
588 1073 791 1155 »Properavit
811 1073 933 1150 Aeson,
960 1077 997 1137 ut
1014 1073 1225 1154 deflagrarent

63 1201 154 1256 arae,
184 1185 220 1244 ut
242 1180 412 1262 deponeret
431 1183 550 1242 vestem
570 1198 712 1258 sacram,
737 1183 774 1244 ut
800 1200 930 1244 nemore
959 1182 1085 1244 exiret«.
1126 1179 1226 1243 Acce·

65 1288 207 1351 dendum
228 1287 322 1368 igitur
342 1286 404 1350 hoe
424 1286 492 1350 loco
513 1289 560 1349 est
576 1286 765 1367 Dorvilio²):
797 1286 1225 1369 »Ma10,inqun‚intrieatius

65 1394 273 1477 interpretari,
294 1413 392 1476 quam
413 1393 583 1457 emendare
605 1394 665 1471 lta,
686 1397 723 1458 ut
744 1395 840 1458 etiam
863 1395 1061 1459 difficultates
1079 1413 1225 1458 remane-

65 1506 153 1567 ant«.
184 1499 371 1581 Reussius³l
392 1500 479 1564 hunc
499 1499 604 1565 locum
627 1500 681 1564 tali
702 1501 798 1565 modo
819 1501 990 1566 emendare
1010 1504 1141 1565 conatus
1162 1505 1225 1565 est:

67 1609 308 1691 »Flagrantique
325 1628 400 1672 arae
421 1611 540 1672 vestem
561 1608 737 1692 vittamque
762 1608 908 1672 sacerdos
929 1610 1122 1691 praecipitat.
1153 1607 1226 1672 Cla-

66 1736 155 1781 more
180 1716 305 1793 audito,
332 1715 449 1797 inquit,
476 1714 584 1778 Aeson
613 1715 771 1797 extemplo
798 1716 895 1780 finem
926 1716 1000 1780 facit
1028 1714 1225 1780 sacrificandi

63 1823 213 1888 vestitum
232 1820 459 1886 sacerdotalem
480 1822 681 1885 inflammas
702 1841 776 1886 arae
799 1823 963 1886 coniciens.
1003 1822 1119 1886 Forma
1141 1821 1242 1884 enim·

66 1931 119 1994 illa
139 1928 310 2010 zeugmatis
338 1927 562 2010 »praecipitare
591 1947 663 1992 aras
691 1932 724 1993 et
744 1931 882 1992 vestem«
907 1929 1013 1993 durior
1032 1933 1096 2006 est,
1127 1948 1226 2012 quam

64 2055 149 2120 quae
168 2035 218 2100 vel
239 2034 363 2099 Valerio
382 2033 566 2098 tribuatur«.
597 2033 701 2111 Quam
725 2034 936 2100 coniecturam
957 2055 1089 2118 parvam
1110 2034 1225 2118 proba·

64 2144 219 2208 bilitatem
240 2161 315 2225 prae
337 2160 370 2204 se
388 2141 468 2205 ferre
488 2141 704 2224 unusquisque
724 2143 884 2208 concedet.

148 2283 313 2361 »Induere
342 2282 495 2347 vestires:
535 2283 576 2360 Π,
606 2283 644 2346 19
670 2304 733 2367 sq.:
777 2304 856 2368 quos
885 2283 1060 2366 (gigantes)
1092 2285 1226 2368 scopulis

65 2391 273 2473 trabibusque
302 2409 416 2472 parens
443 2390 592 2454 miserata
619 2391 760 2473 iugisque
779 2392 897 2471 induit,
928 2393 946 2456 i.
968 2412 995 2456 e.
1018 2394 1050 2455 in
1071 2391 1224 2474 scopulos,

64 2500 210 2575 arboreS,
238 2500 361 2561 montes
391 2497 534 2561 mutavit.
576 2497 697 2563 Similes
721 2499 843 2581 Vergilii
873 2500 957 2565 locos
979 2498 1117 2563 invenies
1145 2498 1224 2562 Aen.

64 2607 183 2685 16841
205 2607 296 2668 notos
317 2604 405 2687 pueri
424 2624 504 2686 puer
524 2604 619 2669 Indue
639 2605 757 2684 voltuS,
786 2606 852 2684 VII,
878 2607 915 2670 19
937 2627 1001 2689 sq.:
1024 2624 1103 2699 quos
1123 2605 1227 2669 homi·
1336 2608 1342 2627 ⁸

65 2733 145 2778 num
173 2733 212 2777 ex
241 2712 319 2777 facie
347 2713 407 2776 dea
434 2731 531 2776 saeva
557 2712 737 2795 potentibus
771 2712 875 2777 herbis
904 2714 1050 2777 induerat
1078 2711 1166 2777 (ltrce
1193 2713 1226 2776 in

64 2819 169 2884 voltus
189 2839 227 2884 ac
248 2823 334 2899 terga
356 2820 509 2896 ferarum,
537 2818 577 2881 ib.
598 2817 659 2881 415
680 2838 744 2901 sq.:
773 2819 893 2884 Allecto
914 2824 1037 2885 torvam
1055 2821 1167 2885 faciem
1195 2825 1227 2886 et

65 2925 189 2990 furialia
215 2925 359 2990 membra
388 2927 489 3002 exuit,
521 2926 553 2989 in
590 2926 695 2989 vultus
726 2946 793 2990 sose
822 2929 1027 2992 transformat
1059 2929 1157 2992 anilis.
1185 2963 1226 2973 —-

65 3033 134 3096 Val.
150 3032 186 3109 ll,
209 3033 268 3096 398
288 3052 349 3116 sq.:
391 3033 548 3097 thalamos
569 3029 762 3116 excussaque
783 3035 884 3099 vincla
905 3034 1064 3117 (coniugii)
1087 3035 1224 3100 induere.

66 3138 116 3216 IV,
133 3139 217 3202 ⁸509:
244 3159 319 3203 enas
341 3139 416 3204 cinis
435 3140 539 3204 induit
561 3141 665 3218 urbes,
685 3141 704 3204 i.
719 3160 745 3204 e.
768 3142 871 3206 clnere
891 3142 983 3207 urbes
1002 3143 1128 3207 orientis
1149 3162 1225 3207 con-

64 3248 255 3327 sperguntur
276 3251 308 3310 et
327 3248 418 3329 quasi
435 3248 619 3312 vestiuntur.
652 3248 799 3313 Similiter
814 3250 947 3314 verbum
963 3250 1114 3314 vestiendi
1134 3270 1225 3314 usur·

65 3356 174 3433 patum
198 3356 245 3417 est
272 3353 313 3416 ib.
335 3354 395 3418 665
415 3375 479 3437 sq.:
522 3355 623 3419 imber
643 3375 760 3436 magno
782 3377 921 3439 puppem
950 3358 1058 3438 procul
1089 3376 1226 3440 aequore

66 3459 166 3536 restit,
188 3459 269 3525 Aen.
285 3461 331 3539 VI,
344 3461 421 3525 640:
440 3461 555 3544 largior
577 3462 626 3526 hic
649 3481 778 3544 campos
799 3463 909 3527 aether
931 3467 963 3528 et
983 3464 1101 3528 lumine
1123 3466 1223 3543 vestit,

166 3655 185 3725 ι)
203 3655 377 3709 Burmannus
407 3656 470 3710 vult
499 3655 654 3724 vittamque
680 3673 833 3726 pecusque,
867 3657 1024 3729 Madvigius
1048 3658 1066 3712 l.
1083 3658 1101 3712 l.
1128 3677 1153 3728 p.
1174 3661 1222 3714 137

64 3742 223 3809 vestemque
248 3758 400 3810 penusque,
431 3743 475 3797 Fr.
498 3741 727 3811 Eyssenhardtius
750 3744 819 3798 Mus.
844 3743 932 3798 Rhen.
962 3745 981 3798 1.
999 3745 1017 3799 l.
1045 3763 1071 3814 p.
1091 3746 1142 3800 384
1173 3763 1222 3814 pro

66 3844 248 3895 ›nemusque‹
264 3826 451 3896 animumque,
468 3828 589 3883 Kochius
607 3830 676 3884 Mus.
694 3829 782 3885 Rhen.
802 3831 869 3885 tom
880 3829 973 3884 XVIII
992 3850 1017 3900 p,
1030 3832 1079 3885 163
1097 3850 1222 3886 manum·

63 3930 130 3981 que,
155 3911 204 3967 Pu
223 3912 378 3982 Wagncrus
396 3913 494 3969 Philol.
519 3915 574 3969 Ll.
600 3933 626 3984 p.
646 3916 696 3968 620
725 3915 874 3985 vittasque.
907 3916 1085 3972 Schenkelius
1109 3919 1223 3974 Studien

63 4018 90 4070 p.
109 3999 160 4052 273
183 4015 352 4053 nemus‘non
369 4000 441 4054 male
460 4001 601 4073 intellegit
619 4018 754 4056 coronam.
773 4033 806 4041 -
827 4003 848 4073 ²)
871 4003 905 4056 ad
924 4002 1100 4059 Charitonern
1126 4023 1152 4074 p.
1172 4007 1223 4060 410

65 4086 108 4141 ed.
127 4083 199 4154 Lips.
217 4117 250 4126 -
269 4086 290 4155 ⁸)
310 4086 328 4138 l.
345 4086 364 4140 1.
381 4105 406 4156 p.
426 4087 467 4143 26.
