2828 4778
630 272 670 340 33

66 461 180 525 horror
199 457 315 542 pergit!
353 455 441 536 naa
461 477 527 540 sq.:
549 456 707 520 maximus
727 454 838 519 horror
858 455 957 532 abest,
979 453 1084 520 Sicula
1104 469 1227 535 pressus

64 566 175 632 tellure
195 565 373 650 Typhoeus.
404 563 541 641 IV‚320:
561 562 612 626 ille
633 561 743 643 ingens
764 560 931 625 hominum
952 579 1059 643 pavor,
1081 561 1105 655 i.
1120 578 1146 624 e.
1166 558 1227 624 ho·

62 672 204 738 minibus
225 670 363 736 maxime
383 669 535 734 terribilis.

144 803 302 868 Braunius
311 800 335 883 ¹)
355 800 547 883 singularem
568 800 661 864 huius
682 801 802 880 generis
824 799 1050 882 metonymiam
1070 817 1136 861 esse
1157 796 1227 861 vult

61 911 86 991 1,
97 911 160 976 813
182 930 229 993 sq.
250 909 303 992 (al.
325 909 396 974 edd.
420 910 480 975 782
501 906 578 991 sq.):
599 908 756 973 exorabile
776 913 860 972 retro
881 926 1010 972 carmen
1032 925 1138 986 agens,
1160 924 1225 987 quo

59 1019 134 1084 loco
150 1036 280 1082 carmen
297 1016 373 1088 nihil
390 1016 476 1081 aliud
490 1015 666 1097 significare
679 1016 772 1098 putat
786 1035 884 1098 quam
898 1014 1044 1080 carminis
1054 1017 1225 1089 auctorem,

59 1125 215 1190 umbram
235 1123 329 1206 ipsius
351 1121 485 1187 Crethei.
516 1121 578 1186 Sed
606 1122 633 1186 ei
662 1121 823 1203 astipulari
844 1139 972 1203 prorsus
999 1139 1066 1184 non
1086 1138 1225 1202 possum.

61 1231 264 1296 Vocabulum
284 1233 407 1295 ›retro‹
430 1230 489 1295 Ph.
511 1227 716 1311 Wagnerusll
738 1228 771 1294 in
796 1229 909 1293 ›Leto‹
931 1231 1044 1304 mutat,
1065 1226 1226 1290 Baehren-

63 1340 130 1404 sius
157 1339 189 1403 in
211 1337 396 1416 »Anemo«,
424 1336 544 1419 optime
565 1334 871 1414 Hirschwaelderus,
898 1354 995 1418 quem
1023 1331 1226 1397 Schenkelius

62 1449 190 1512 secutus
209 1448 265 1522 est,
286 1445 320 1508 in
342 1444 448 1509 ›rite‹.

122 1697 161 1742 c.
203 1680 498 1741 Abstractum
526 1695 614 1756 pro
643 1677 697 1740 iis
722 1678 932 1755 personis
961 1681 1005 1740 et
1034 1678 1174 1741 rebus

62 1794 272 1874 ponitur,
312 1791 479 1869 quibus
517 1808 571 1854 ea
608 1790 804 1868 qualitas
842 1792 1028 1853 attribui
1065 1794 1224 1870 potest,

72 1959 77 1967 .
157 1921 275 1984 quae
296 1904 580 1967 substantivo
602 1905 833 1967 abstracto
854 1905 1144 1983 exprimitur.

146 2063 237 2129 Dicta
259 2065 295 2127 ut
314 2080 439 2126 amores
464 2080 521 2144 pro
543 2061 655 2126 amatis
681 2060 855 2145 similiaque
876 2062 1022 2128 omnibus
1044 2065 1122 2126 nota
1142 2065 1225 2127 sunt.

62 2171 166 2254 Saepe
185 2190 206 2234 a
226 2169 326 2254 poetis
352 2169 481 2234 nomine
509 2169 667 2234 abstracto
695 2172 752 2234 aut
777 2169 954 2236 convicium
982 2170 1145 2253 quoddam
1171 2171 1228 2266 aut

64 2277 193 2343 laudem
231 2277 395 2360 quandam
430 2276 610 2340 continente
643 2276 740 2340 homo
770 2276 971 2358 significatur.
1030 2275 1099 2342 Hoc
1132 2276 1228 2341 modo

65 2383 161 2466 pestis
182 2382 231 2448 vel
252 2383 318 2447 lues
339 2403 397 2465 pro
418 2382 547 2447 homine
567 2383 712 2465 pestifero
733 2387 762 2447 et
780 2385 888 2462 virtue,
906 2384 1012 2462 decue,
1029 2383 1137 2463 gloria,
1156 2402 1227 2478 spes

66 2510 124 2573 pro
145 2489 275 2580 homine
296 2490 381 2554 bono
403 2493 435 2555 et
456 2491 569 2556 virtute
588 2490 732 2574 praedito
753 2495 954 2574 usurpantur.

149 2619 339 2686 Gravissima
350 2620 463 2686 Valerii
477 2621 622 2704 exempla
636 2621 730 2687 huius
743 2622 864 2703 generis
872 2625 947 2688 sunt
966 2621 987 2700 l,
995 2623 1072 2687 383:
1094 2622 1230 2687 Phoebi·

64 2747 129 2810 que
150 2726 229 2792 fides
254 2747 320 2795 non
341 2747 425 2793 vana
448 2731 600 2812 parentis,
628 2730 647 2792 i.
670 2749 697 2793 e.
720 2729 774 2813 qui
795 2749 885 2812 spem
905 2731 1002 2812 patris
1025 2730 1145 2796 Phoebi
1164 2751 1228 2797 von

63 2833 182 2900 fefellit.
224 2834 273 2913 IV,
295 2836 373 2900 630:
405 2835 501 2901 decus
529 2836 701 2914 oBoreae,
727 2837 747 2902 i.
769 2857 795 2902 e.
816 2837 860 2902 lili
880 2841 970 2920 patre
991 2838 1092 2902 Borea
1122 2838 1226 2919 digne.

64 2941 118 3018 V1‚
129 2941 207 3031 200⁴:
226 2942 325 3007 mixta
345 2941 425 3025 perit
446 2943 555 3020 virtus,
577 2942 595 3006 i.
618 2963 644 3007 e.
665 2943 753 3008 mixti
774 2944 888 3009 virtute
910 2945 1051 3028 praediti.
1090 2944 1226 3021 runca:

64 3049 189 3130 patriae
209 3048 337 3115 exitium
358 3049 484 3115 crudele
502 3054 662 3129 senectae,
684 3051 703 3114 i.
721 3071 748 3114 e.
771 3052 870 3134 patris
889 3053 981 3115 senis.
1018 3052 1059 3116 ib.
1081 3052 1140 3114 677
1163 3070 1227 3133 sq.:

65 3155 224 3220 consortia
252 3156 357 3221 famae
386 3156 530 3238 despicit,
564 3158 632 3223 ie.
661 3162 829 3223 consortes.
875 3159 915 3223 ib.
938 3159 998 3223 396
1019 3179 1083 3241 sq.:
1119 3161 1228 3222 nostra

62 3260 206 3342 requiret-
223 3281 300 3328 cura
320 3262 414 3341 viam,
435 3283 508 3346 pro:
529 3283 589 3346 ego
610 3265 779 3348 requiram.
809 3265 857 3343 Vl,
869 3265 946 3329 699:
968 3283 1072 3347 neque
1093 3267 1134 3341 te,
1156 3283 1229 3329 mea

62 3387 157 3448 cura,
178 3369 364 3452 relinquam.

121 3575 166 3640 d.
211 3578 364 3642 Locus
385 3595 474 3657 pro
496 3595 565 3651 e0‚
585 3579 708 3657 quod
729 3580 776 3641 in
796 3597 849 3643 eo
872 3583 950 3652 est.
973 3580 1175 3660 ponitur.

146 3734 198 3815 VI,
212 3736 287 3801 145:
329 3736 432 3801 ditant
452 3756 510 3802 sua
531 3737 665 3802 mulctra
686 3736 875 3816 Satarchen,
902 3738 921 3802 i.
941 3759 968 3802 e.
992 3737 1058 3815 lac,
1088 3738 1175 3820 quod
1195 3738 1228 3802 in

61 3842 208 3909 mulctn's
229 3846 283 3906 est.
328 3843 415 3908 Idem
438 3849 548 3926 tropus
569 3848 671 3924 exstat
692 3844 814 3910 Colum.
836 3845 899 3924 Vll,
912 3847 950 3911 8:
981 3843 1071 3909 Casei
1094 3845 1230 3910 faciendi

168 4034 189 4104 ¹)
207 4035 225 4090 r.
238 4034 257 4090 1.
273 4036 350 4104 par.
370 4066 402 4075 -
424 4037 445 4106 ¹)
464 4036 563 4092 curor
582 4036 627 4092 rr.
643 4055 669 4108 p.
682 4038 742 4093 eoo.

1020 4133 1037 4187 a
