2828 4778
627 258 665 344 rr

59 470 79 523 a
99 454 229 521 bibendi
250 455 401 521 ariditate
423 454 519 521 ducta
541 456 626 521 idem
647 452 731 523 valet
749 457 835 542 quod
856 458 937 524 Aen.
957 455 1007 538 iv,
1020 456 1076 525 79:
1103 454 1221 545 bend&

58 564 219 630 narrantis
239 564 282 628 ab
303 582 366 628 ore.
409 562 505 646 Apud
519 563 687 645 Vergilium
708 565 822 630 ‘similes
834 563 921 631 verbi
939 564 1105 632 hauriendi
1118 571 1222 633 trans*

57 671 192 736 tationes
224 674 348 736 exstant
380 671 459 735 Aen.
485 664 623 749 uasa:
654 668 883 756 strepitumque
908 674 1072 740 exterritus
1104 672 1218 741 hausit.

57 774 96 857 X,
107 778 186 843 899:
207 779 334 844 haurire
355 781 458 843 auras.
484 807 522 823 -·
551 779 618 842 Val.
642 778 678 857 V,
689 779 765 844 564:
788 780 882 844 variis
902 781 994 845 floret
1014 782 1066 846 via
1087 781 1220 847 discolor

57 884 162 950 armis.
208 883 379 963 »florere«,
399 884 485 968 quod
500 886 632 951 verbum
647 888 772 969 proprie
784 887 824 951 de
839 883 968 952 floribus
983 889 1033 952 vel
1053 889 1218 954 arboribus

57 993 181 1069 dicitur,
203 992 264 1057 hoc
285 993 353 1057 loco
367 992 399 1057 in
411 992 495 1056 viam
509 992 705 1057 transfertur.
748 992 845 1076 Apud
866 994 942 1059 alios
963 1012 1090 1078 quoque
1110 999 1222 1079 poetas

56 1100 119 1164 hoc
139 1100 274 1164 verbum
295 1100 420 1182 saepius
441 1100 652 1182 praenitere,
673 1096 855 1182 splendere«
880 1104 1067 1185 usurpatum
1086 1105 1149 1180 est,
1185 1105 1225 1170 ut

56 1203 139 1271 Aen.
160 1203 296 1285 Virmn
322 1209 354 1270 et
376 1203 428 1284 XI,
447 1206 523 1270 433:
553 1206 692 1272 florentis
722 1220 795 1272 aere
822 1211 978 1287 catervas,
1008 1206 1087 1274 Stat.
1119 1208 1218 1276 Theb.

58 1313 82 1391 1,
96 1313 232 1396 704sq.:
255 1312 386 1378 aetherii
405 1312 490 1377 dono
510 1333 627 1377 cessere
648 1315 786 1396 parentis
807 1319 973 1379 aeternum
993 1315 1104 1381 florere
1114 1328 1220 1398 genae,

60 1420 78 1485 i.
101 1438 127 1484 e.
150 1416 325 1484 imberbem
347 1423 378 1485 et
399 1420 533 1485 nitidum
557 1436 632 1486 esse.
650 1456 690 1466 -
711 1419 879 1503 Eleganter
898 1423 1032 1488 verbum
1054 1423 1222 1488 innatandi

60 1526 102 1593 de
123 1526 210 1593 unda
239 1526 271 1590 in
298 1526 415 1592 crinem
436 1527 577 1592 Valerius
603 1529 752 1593 transfert
778 1529 827 1609 Ill,
840 1527 900 1594 525
921 1549 985 1613 sq.:
1014 1530 1103 1595 tenui
1122 1549 1221 1613 vagus

61 1632 187 1699 innatat
206 1636 295 1700 unda
318 1634 419 1699 crinis.
464 1635 592 1699 ionae:
626 1636 847 1701 frondentibus
869 1636 948 1716 aris,
979 1636 1222 1715 ubifrondendl

60 1740 193 1808 verbum
215 1744 248 1807 in
271 1754 338 1807 rem
360 1743 401 1807 ab
422 1742 602 1807 hominibus
624 1743 741 1809 laetam
763 1747 857 1827 poeta
877 1742 1034 1809 transfert.
1064 1745 1117 1810 eir.
1132 1744 1221 1810 Varr.

59 1850 100 1915 de
126 1844 200 1932 ling.
230 1848 298 1914 Lat.
332 1849 382 1929 Vl,
401 1850 436 1914 3:
470 1849 591 1915 velatae
625 1850 805 1916 frondentes
839 1866 965 1931 comae,
1002 1852 1021 1916 i.
1051 1870 1078 1918 e.
1110 1850 1222 1917 fronde

58 1960 238 2023 coronatae.
265 1986 304 2002 ⁸-
340 1956 406 2020 Vai.
428 1957 550 2035 v1‚367
571 1978 635 2041 sq.:
661 1959 694 2022 ln
715 1958 802 2042 clipei
831 1958 1039 2043 septemplicis
1060 1959 1222 2043 improbus

58 2064 171 2129 orbem
194 2065 321 2142 arietat,
351 2063 405 2128 ubi
429 2066 562 2130 verbum
591 2058 761 2144 enatandi,
794 2065 882 2149 quod
908 2067 1031 2150 proprie
1058 2061 1098 2131 de
1118 2066 1223 2131 bestiis

58 2173 110 2237 vel
131 2169 296 2255 potiusne
319 2173 416 2238 ariete
437 2173 619 2252 adhibetur,
648 2174 681 2238 in
707 2168 869 2239 bominem
895 2170 1090 2241 transfertur.
1133 2164 1220 2240 idem

60 2271 108 2350 est
128 2280 209 2348 Aen.
228 2280 281 2362 Xl,
292 2282 371 2347 890:
396 2284 508 2347 arietat
528 2283 561 2346 in
582 2285 697 2366 portas.

219 2541 261 2605 b.
289 2540 629 2605 Translationes
649 2540 1061 2604 substantivorum:

144 2701 225 2766 Cum
246 2701 308 2766 bac
331 2718 459 2784 quoque
487 2700 520 2763 in
541 2714 575 2763 re
595 2699 774 2781 saepissime
796 2701 907 2781 aperta
929 2696 1063 2761 imitatio
1085 2694 1220 2778 Vergilii,

63 2810 154 2874 euius
184 2808 405 2873 translationes
439 2807 707 2872 substantivorum
741 2805 805 2869 iam
833 2803 1070 2869 Braumrillerus
1081 2801 1105 2884 ¹)
1140 2802 1223 2868 bene

62 2916 200 2997 collegit,
221 2914 318 2980 statui
335 2914 449 2997 possit,
471 2914 555 2978 hanc
575 2915 698 2995 partem
719 2910 899 2978 brevissime
920 2910 1095 2975 absolvam.

143 3022 187 3086 Ut
208 3020 329 3099 viano
353 3020 474 3084 »sidus«
506 3021 539 3084 in
568 3019 730 3085 hominem
763 3019 856 3101 (Aen.
878 3017 914 3096 il,
924 3014 981 3082 281
1011 3017 1123 3098 tegitur
1152 3015 1225 3080 »lux

61 3126 294 3209 Dardaniaes),
317 3128 360 3193 sic
381 3127 571 3192 vocabulum
593 3126 701 3204 crinis,
730 3126 817 3208 quod
838 3126 963 3208 proprie
984 3123 1024 3188 de
1043 3122 1223 3189 hominibus

62 3232 248 3312 adhibetur,
281 3235 314 3298 in
351 3234 456 3315 ignem
493 3236 526 3296 et
550 3233 673 3310 stellae,
713 3251 795 3314 quae
827 3231 962 3295 crinium
989 3227 1225 3294 similitudinem

63 3342 203 3419 babent,
233 3342 420 3406 transfertur
447 3336 514 3404 Vel.
536 3340 559 3417 Ι,
571 3341 631 3404 205
652 3355 716 3421 squ
754 3337 887 3421 protulit
913 3339 949 3400 ut
976 3337 1096 3400 crinem
1123 3333 1227 3399 densis

60 3444 198 3513 luctatus
219 3445 252 3511 ln
273 3446 467 3528 antisigma,
506 3446 610 3525 litt:
639 3446 744 3509 effusis
770 3442 912 3508 stellatus
940 3443 1077 3507 crinibus
1107 3441 1224 3506 aether.

61 3552 202 3620 Similem
224 3554 463 3619 translationem
481 3546 633 3634 Vergilius
654 3553 786 3633 usurpat
807 3550 887 3614 Aen.
900 3548 1020 3627 V,528:
1040 3548 1224 3631 crinemque

62 3661 202 3727 volantia
224 3662 327 3727 sidera
349 3661 479 3725 ducunt.
502 3695 540 3704 —-
563 3659 630 3723 Vel.
652 3658 775 3736 lirina
797 3677 861 3740 sq.:
891 3656 1008 3738 (hasta)
1028 3658 1130 3720 matre
1153 3674 1229 3738 perh

61 3772 170 3852 empta
192 3769 257 3834 obit
277 3786 409 3851 pugnas.
451 3766 552 3832 Mater
573 3770 620 3832 est
641 3764 750 3844 arbor,
772 3765 858 3829 unde
879 3764 971 3829 hasta
991 3760 1147 3846 moducta
1168 3765 1225 3826 est.

134 4013 155 4083 ¹)
175 4012 264 4068 Ueber
282 4009 390 4083 Tropen
408 4012 465 4067 und
482 4010 602 4082 bigenera
620 4008 649 4064 tn
671 4008 789 4081 Vergil's
808 4008 913 4064 Aeneis.
939 4006 1033 4061 Erster
1051 4002 1138 4060 Theil.
1171 4003 1225 4059 Dar

63 4099 205 4169 tropische
223 4099 368 4154 Gabrauch
385 4100 432 4154 des
449 4097 678 4154 substantivums.

1039 4211 1056 4264 2
