2828 4778
636 256 656 319 7

73 435 141 517 ipsa
160 433 251 498 nobis
273 451 419 499 concessa
443 436 568 512 natura,
590 437 626 498 ut
642 433 758 498 indocti
775 452 904 516 quoque
924 450 963 499 ac
982 438 1234 522 eonsentientes

71 565 111 608 ea
140 544 321 626 frequenter
348 544 491 618 utantur,
522 543 590 604 tum
623 541 667 604 ita
696 541 835 605 iucunda
867 544 965 624 atque
998 542 1112 622 nitida,
1139 548 1176 609 ut
1204 544 1236 608 in

71 652 216 716 oratione
238 648 411 733 quamlibet
433 647 518 712 clara
538 647 664 730 proprio
686 649 794 711 tamen
813 646 931 711 lumine
952 646 1083 713 eluceat.
1123 645 1234 735 Neque

71 759 158 823 enim
181 750 318 837 vulgaris
347 775 413 819 esse
442 774 546 837 neque
572 752 697 818 humilis
725 773 785 818 nec
814 753 951 819 insuavis
979 759 1054 838 apte
1083 776 1121 820 ac
1149 763 1234 823 recte

73 865 172 929 modo
182 864 302 927 adscita
314 864 424 945 potest.
456 859 588 943 Copiam
604 880 731 943 quoque
747 860 899 925 sermonis
913 864 1009 944 auget
1023 864 1236 944 permutando

72 975 129 1037 aut
150 969 338 1046 mutuand0,
362 988 443 1052 quae
459 987 524 1031 non
540 967 648 1045 habet,
669 967 819 1051 quodque
836 971 882 1031 est
897 958 1124 1048 difficillimum,
1144 991 1237 1052 prae·

40 1149 44 1154 ,
71 1057 140 1143 stat
155 1097 196 1141 ne
217 1070 271 1141 ulli
292 1077 336 1140 rei
358 1094 475 1139 nomen
496 1073 604 1148 ¹deesse
618 1074 771 1138 videatur.
804 1072 1006 1139 Transfertur
1022 1094 1096 1157 ergo
1116 1096 1236 1142 nomen

72 1186 130 1248 aut
150 1184 281 1247 verbum
304 1203 342 1246 ex
364 1201 402 1244 eo
422 1181 505 1259 loce,
535 1181 567 1244 in
589 1199 653 1262 quo
677 1180 839 1263 proprium
864 1182 928 1258 est,
950 1180 983 1244 in
1003 1201 1095 1261 eum,
1116 1183 1149 1247 in
1171 1204 1236 1268 quo

76 1288 133 1356 aut
147 1291 309 1374 proprium
329 1288 416 1353 deest
430 1291 487 1351 aut
505 1285 695 1351 translatum
710 1285 836 1369 proprio
847 1286 957 1352 melius
967 1291 1023 1351 est.
1046 1288 1081 1351 Id
1094 1290 1235 1370 facimus,

76 1402 132 1464 aut
148 1399 221 1480 quia
243 1416 368 1461 necesse
390 1399 436 1459 est
456 1396 513 1458 aut
534 1394 608 1477 quia
618 1394 843 1476 significantius
862 1398 909 1457 est
925 1397 993 1474 aut,
1014 1398 1050 1460 ut
1066 1394 1139 1474 dixi,
1161 1397 1236 1480 quia

74 1505 243 1570 decentius.
284 1501 405 1581 Quibus
426 1500 609 1580 Quintiliani
637 1501 756 1578 verbis,
786 1519 859 1564 eum
880 1503 1023 1565 veterum
1044 1502 1234 1584 scriptorum

73 1612 114 1676 de
136 1609 350 1676 translationis
378 1609 408 1672 vi
437 1611 612 1672 etnatura
641 1608 812 1671 sententias
835 1606 938 1671 etalii
959 1602 1234 1693 erMuetzerius1)

29 1712 32 1717 ’
73 1717 265 1801 exposuerit,
293 1735 395 1798 pauca
416 1714 564 1778 addenda
584 1716 667 1778 sunt.
709 1712 830 1778 Auctor
856 1713 898 1779 ad
926 1713 1122 1779 Herennium
1148 1716 1235 1781 hunc

71 1828 201 1908 tropum
225 1808 334 1887 definit
356 1820 551 1903 (lv,3r‚45):
581 1819 759 1885 Translatio
775 1825 831 1898 est,
855 1840 927 1885 cum
938 1820 1071 1885 verbum
1085 1822 1117 1887 in
1131 1843 1236 1906 quan-

72 1931 149 1995 dam
177 1950 245 1995 rem
270 1930 475 1994 transferetur
502 1949 541 1993 ex
567 1928 629 1992 alia
649 1948 699 2005 re,
728 1927 815 2010 quod
844 1929 972 2011 propter
999 1928 1232 1995 similitudinem

73 2040 156 2103 recte
177 2036 333 2101 videbitur
354 2056 444 2119 posse
465 2032 633 2100 transferri.
669 2035 813 2118 Denique
834 2035 1001 2099 audiamus
1020 2032 1233 2119 Tryphonem,

74 2144 129 2228 qui
151 2144 224 2208 dicit
245 2144 307 2225 (1.1.
326 2164 356 2226 p.
374 2141 463 2223 729):
504 2139 676 2223 parapopcr'
699 2141 770 2204 ἐστι
789 2139 872 2216 λέξις
893 2150 1140 2227 μεταφερομένη
1163 2142 1234 2206 α’πό

74 2252 132 2314 τοῦ
148 2254 258 2331 κυρίου
279 2249 335 2312 ἐπὶ
355 2249 393 2310 ol
414 2249 459 2332 μή
479 2246 598 2328 κύριον,
620 2245 794 2330 ἐμφάσεως
814 2242 838 2331 ἤ
859 2244 1041 2329 ὁμοιώσεως
1056 2248 1160 2311 ἕνεκα.

158 2352 329 2441 Scriptores
363 2357 483 2434 Latini,
520 2355 688 2438 praecipue
719 2358 832 2438 poetae
860 2355 930 2420 aevi
956 2354 1125 2438 Augustei,
1153 2377 1233 2440 quos

75 2468 246 2547 argenteae
266 2464 377 2529 aetatis
405 2467 517 2546 poetae
544 2463 641 2528 secuti
667 2466 756 2540 sunt,
785 2458 1056 2540 translationibus,
1084 2483 1163 2546 quas
1192 2464 1234 2529 ad

74 2572 250 2636 orationem
273 2566 449 2636 ornandam
476 2572 508 2634 et
532 2590 582 2634 res
601 2569 804 2634 illustrandas
824 2569 915 2633 valde
937 2569 1092 2651 pertinere
1113 2570 1233 2636 intelle-

75 2682 194 2762 gerent,
216 2678 395 2760 frequenter
416 2678 463 2741 usi
485 2680 568 2741 sunt.
607 2676 711 2755 Quam
732 2676 774 2738 ob
795 2694 863 2740 rem
883 2695 956 2739 cum
976 2675 1107 2758 longum
1134 2676 1173 2741 sit
1201 2680 1234 2742 et

74 2785 164 2869 parvi
184 2770 345 2861 momenti,
365 2802 475 2848 omnes
495 2782 731 2860 translationeS,
752 2802 835 2865 quae
857 2782 943 2864 apud
962 2774 1122 2848 Valerium
1144 2783 1232 2848 inve-

76 2893 216 2970 niuntur,
236 2892 425 2968 enumerari,
447 2884 486 2954 de
504 2889 540 2953 iis
555 2889 626 2953 solis
649 2888 784 2954 breviter
805 2889 964 2970 disseram,
987 2911 1070 2973 quae
1088 2894 1144 2956 aut
1161 2911 1233 2956 raro

76 3000 126 3065 vel
147 3018 314 3082 nunquam
336 2999 378 3062 ab
399 2997 467 3062 aliis
487 2998 587 3080 poetis
607 3001 799 3080 usurpentur
826 3001 881 3061 aut
903 2998 1017 3080 quibus
1038 3002 1150 3081 poetae
1172 3000 1233 3065 ele-

75 3109 183 3192 gantia
209 3108 361 3189 appareat
388 3104 437 3169 vel
466 3104 532 3169 eius
560 3104 681 3168 dicendi
709 3106 788 3169 ratio
816 3106 933 3188 optime
960 3107 1105 3186 cognosci
1127 3109 1231 3191 possit

75 3210 147 3282 Non
167 3234 239 3279 raro
260 3215 345 3277 eninr
367 3212 453 3295 apud
473 3210 633 3277 Valerium
655 3212 755 3277 multo
769 3213 983 3279 insolentiores
1002 3218 1033 3279 et
1048 3215 1231 3283 audaciores

75 3320 296 3388 translationes
324 3340 422 3403 quarn
442 3320 528 3402 apud
550 3320 718 3400 Vergilium
739 3321 958 3399 inveniuntur,
978 3322 1067 3386 cuius
1088 3325 1132 3388 rei
1153 3326 1233 3389 veri·

74 3434 174 3496 tatem
194 3449 233 3492 ex
253 3427 410 3510 exemplis,
433 3447 516 3510 quae
537 3431 722 3510 sequuntur,
743 3428 818 3490 satis
840 3427 911 3491 licet
932 3418 1085 3509 cognosci.
1106 3430 1168 3496 Sed
1188 3435 1229 3499 ad

76 3558 142 3603 rern
162 3537 262 3620 ipsam
284 3540 489 3599 transeamus.

182 3747 201 3816 ¹)
220 3746 380 3815 Programm
399 3746 446 3799 des
464 3742 746 3798 Joachimsthalschen
767 3742 959 3813 Gymnasiums
976 3762 1010 3797 zu
1028 3738 1136 3812 Berlin,
1157 3747 1231 3816 1842,

74 3853 101 3905 r·
120 3833 137 3887 2
156 3851 214 3902 sm·
