2828 4778
707 480 750 546 lo

134 661 211 724 sunt
219 677 374 741 generum
383 679 391 720 :
401 655 538 723 alterum
549 657 700 741 loquendi
710 659 865 725 rationem
880 663 1006 737 vocant,
1019 660 1155 725 alterum
1165 665 1306 731 maxime

134 761 354 828 conlocatione
382 763 573 847 exquisitum
601 767 657 828 est.
700 764 846 843 Quomm
874 766 1000 830 tametsi
1029 769 1201 853 utrumque
1228 790 1307 838 oon·

136 869 224 934 venit
244 868 390 947 orationi,
410 872 520 935 lamen
540 871 639 952 possis
660 869 735 934 illud
757 872 1012 954 grammaticum,
1035 872 1097 939 lroc
1110 873 1304 943 rhetoricum

137 975 238 1058 mag's
258 975 372 1040 dicere.

217 1081 407 1166 liguramm
428 1080 712 1164 grammaticarum
732 1081 946 1160 Quintilianus
965 1082 1019 1162 IX,
1040 1085 1070 1164 3,
1090 1085 1130 1151 27
1165 1093 1306 1172 quatuor

133 1207 253 1272 genera
272 1188 452 1270 distinguit,
476 1206 560 1270 quae
580 1190 657 1252 sunl
678 1206 735 1270 per
755 1188 981 1268 mutationem,
1000 1189 1226 1273 adiectionem,
1248 1195 1306 1261 de·

130 1294 337 1373 tractionem,
378 1294 539 1372 ordinem,
577 1294 754 1376 figurarum
793 1294 1026 1361 rhetoricarum
1070 1297 1207 1381 primum
1248 1321 1304 1368 eas

134 1407 261 1482 tractat,
282 1421 366 1487 quae
387 1403 470 1468 liunt
492 1402 684 1481 adiectione,
705 1405 776 1466 tum
798 1421 868 1481 eas,
889 1405 974 1488 quae
995 1403 1078 1469 irunt
1097 1424 1154 1489 per
1177 1407 1305 1476 detrac-

133 1510 269 1587 tionem,
290 1508 430 1592 (lenique
451 1509 483 1575 id
502 1528 621 1592 genus,
651 1508 738 1593 quod
758 1511 816 1574 aul
835 1508 1038 1576 similitudine
1058 1510 1167 1597 aliqua
1184 1533 1302 1580 vocum

133 1619 191 1682 aut
212 1616 341 1700 paribus
371 1619 428 1680 aut
448 1615 615 1680 contrariis
645 1615 799 1681 convertit
828 1614 861 1680 in
881 1635 917 1680 se
937 1635 1031 1682 aures
1050 1621 1084 1684 et
1103 1618 1227 1687 animos
1247 1642 1303 1688 err·

129 1724 217 1790 citat.
255 1721 322 1805 Ego
350 1722 382 1787 in
405 1721 512 1805 liguris
539 1721 754 1804 grammaticis
775 1721 949 1802 mactandis
968 1722 1153 1803 Quintiliani
1174 1726 1301 1793 divisio·

131 1849 205 1895 nem
229 1848 363 1914 sequar,
390 1828 422 1894 in
445 1827 608 1894 rhetoricis
628 1831 736 1894 autem
758 1829 866 1911 liguris
888 1830 984 1914 paulo
1008 1831 1051 1897 ab
1071 1839 1110 1898 eo
1137 1833 1301 1900 discedens

130 1938 270 2021 primum
291 1935 331 2001 de
352 1936 460 2018 figuris
479 1935 673 2014 adiectionis,
695 1939 765 2001 tum
786 1936 1000 2018 detractionis,
1020 1938 1159 2025 denique
1180 1940 1300 2007 ordinis

129 2044 292 2109 disseram.

340 2194 341 2198 Ὗ
433 2228 482 2315 1.
543 2231 603 2316 m
632 2230 767 2344 rgrnrs
794 2229 1005 2318 romnus.

210 2420 319 2497 Quint.
341 2420 435 2499 111,3,
458 2421 516 2485 28:
549 2420 628 2487 lllud
649 2425 698 2486 est
718 2421 821 2487 acrius
839 2441 957 2504 genus,
978 2421 1065 2504 quod
1082 2441 1148 2487 nou
1170 2424 1298 2487 tantum

127 2526 159 2591 in
182 2526 305 2591 milone
326 2528 465 2610 positum
486 2531 533 2592 esl
555 2525 714 2611 loquendi,
735 2528 791 2592 sed
812 2528 886 2611 ipsis
907 2528 1052 2593 sensibus
1071 2546 1147 2593 cum
1162 2527 1299 2610 gratiam

125 2635 196 2697 tum
217 2633 313 2697 etiam
335 2633 417 2698 vires
441 2633 639 2700 accomodat.

285 2833 324 2877 a.
368 2812 578 2893 Figurae,
598 2833 717 2895 quoe
737 2816 988 2880 adiectione
1006 2819 1135 2880 fiunt.

560 2994 591 3036 u.
633 2970 858 3056 Ἐπαναφορά.

206 3104 299 3169 Auct.
321 3102 363 3169 ad
386 3102 421 3169 (L
443 3102 583 3168 Herenn.
604 3103 655 3183 IV,
669 3105 717 3183 13,
741 3105 795 3169 19:
837 3104 996 3188 Repetitio
1023 3107 1086 3182 est,
1115 3123 1189 3168 cum
1218 3122 1296 3168 con·

123 3213 260 3278 tinenter
277 3209 405 3288 ab,uno
426 3213 525 3293 alque
546 3211 661 3276 eodem
674 3211 773 3276 verbo
795 3211 827 3275 in
848 3210 943 3276 rebus
964 3209 1117 3274 similibus
1136 3212 1170 3275 et
1190 3209 1295 3274 diver·

121 3317 163 3382 sis
186 3316 337 3407 principia
357 3321 537 3383 sumuntur.
562 3351 600 3363 -·
623 3316 711 3382 Haec
730 3317 895 3382 exornatio
924 3336 998 3382 cum
1027 3315 1163 3381 multum
1193 3333 1296 3381 renu-

120 3425 210 3492 statis
224 3425 324 3490 habet
338 3428 407 3490 tum
418 3424 581 3507 gravitatis
597 3427 630 3489 et
640 3424 834 3490 acrimoniae
843 3423 1026 3507 plurimum.
1048 3422 1156 3502 Quare
1169 3421 1295 3488 videtur

120 3532 394 3599 ome-adhibenda
420 3536 453 3597 et
473 3531 516 3597 ad
538 3531 719 3597 ornandam
747 3535 781 3597 et
801 3530 843 3596 ad
866 3531 1086 3612 exaugendam
1106 3529 1293 3596 orationem.

203 3637 358 3722 Exempla
387 3638 501 3704 Valerii
535 3657 638 3722 paene
665 3636 910 3702 innumerabilia
935 3639 1029 3716 sunl,
1058 3640 1095 3701 ut
1122 3635 1294 3720 unicuique

127 3745 224 3812 libros
244 3747 312 3811 eius
331 3745 503 3829 perlegenti
526 3744 764 3829 persuadeatur,
787 3763 861 3808 eum
884 3743 1116 3808 benedicendi
1138 3742 1296 3808 rationem

121 3852 214 3919 valde
233 3871 397 3935 quaerere.
440 3841 629 3936 Saepissime
647 3851 791 3934 repetitio
817 3850 1043 3916 iucundissima
1068 3854 1102 3915 et
1129 3848 1293 3932 aptissima

118 3962 182 4037 est,
207 3958 295 4042 quod
316 3960 506 4024 concinnam
530 3957 695 4042 quandam
718 3957 984 4022 constructionem
1005 3957 1175 4022 verborum
1195 3954 1291 4020 efficit

119 4069 151 4132 et
171 4065 256 4131 dicia
276 4066 378 4146 magis
399 4065 524 4143 firmat,
552 4085 626 4129 cum
647 4065 694 4128 ira
714 4063 763 4129 vel
785 4064 883 4128 animi
912 4064 974 4130 alio
1001 4065 1119 4129 affectu
1139 4061 1290 4148 commoti

118 4172 218 4237 verba
239 4172 434 4254 ingeminare
452 4171 620 4237 soleamus.
659 4170 731 4236 Non
751 4190 825 4236 raro
845 4175 955 4236 autem
976 4171 1193 4251 harengum,
1215 4187 1291 4234 curn

122 4276 291 4342 immodice
312 4281 450 4360 petatur,
472 4277 564 4342 nobis
585 4275 698 4359 frigida
716 4279 751 4342 et
771 4276 923 4360 languida
944 4276 1077 4342 videtur.
