2828 4778
788 276 826 343 18

230 455 350 521 Eadem
385 455 547 521 translatio
579 459 680 520 exstat
712 456 791 520 Aen.
821 455 886 532 XII,
907 457 968 519 l08
998 476 1064 539 sq:
1098 454 1283 540 (sceptrum)
1315 477 1393 522 cum

229 563 324 627 semel
346 564 378 627 in
399 562 482 627 silvis
503 563 566 627 imo
587 564 626 628 de
647 564 743 645 stirpe
770 563 903 627 recisum
929 567 1030 627 matre
1052 567 1147 630 caret.
1200 564 1393 629 Conferatur

230 670 351 736 Horatii
381 670 473 735 illud:
509 671 616 754 pinne,
645 670 740 734 silvae
772 669 837 734 filia
866 670 988 734 nobilis
1032 671 1099 735 Val.
1126 672 1176 749 Vl,
1195 672 1251 735 39:
1281 672 1393 755 pingui

231 797 397 859 nunquam
428 778 526 842 ubere
552 777 645 854 defit,
678 777 696 839 i.
719 796 763 854 e.,
792 781 827 840 ut
853 776 878 840 J.
900 777 938 840 A.
960 777 1138 858 Wagnerus
1166 778 1319 861 explicat,
1350 778 1391 842 ob

230 883 462 947 multitudinem
483 882 657 948 incolarum
680 902 746 947 non
766 883 861 947 deest.
907 883 1038 965 Saepius
1059 903 1080 947 a
1099 885 1217 966 poetis,
1250 887 1286 948 ut
1307 884 1390 949 Aen.

230 991 340 1068 l,531:
362 991 460 1054 ubere
480 990 627 1071 glaebae,
651 989 766 1054 »uber«
790 1009 847 1073 pro
868 990 1012 1054 ubertate
1028 993 1060 1053 et
1082 990 1240 1055 fertilitate
1261 989 1318 1054 soli
1342 991 1392 1054 vel

230 1099 380 1163 arborum
415 1098 536 1163 dicitur.
599 1098 681 1162 »Sed
708 1099 813 1161 notari
848 1101 1004 1175 meretur,
1041 1098 1143 1181 inquit
1175 1097 1390 1176 Burmannus

230 1206 389 1270 Valerium
411 1206 473 1269 hoc
492 1204 648 1269 vocabulo
679 1204 718 1268 de
744 1209 901 1287 proventu
927 1204 1092 1269 hominum
1114 1205 1173 1284 uti,
1204 1225 1269 1289 quo
1294 1225 1392 1271 sensu

230 1331 273 1378 an
295 1312 373 1376 alius
394 1313 463 1394 quis
484 1313 600 1394 ceperit
615 1312 755 1393 ignoro«.

312 1420 431 1496 1,774:
464 1421 575 1484 veteris
608 1419 668 1484 sub
703 1423 796 1484 nocte
829 1421 982 1503 cupressi,
1020 1421 1038 1485 i.
1066 1441 1093 1484 e.
1129 1421 1244 1484 umbra
1280 1419 1390 1486 densa.

230 1527 373 1604 V111‚a5:
403 1527 540 1591 nemoris
560 1546 634 1590 nox.
676 1526 738 1604 Vll,
750 1526 828 1590 598:
863 1527 991 1609 iamque
1013 1526 1238 1609 propinquanti
1261 1530 1391 1592 noctem

230 1635 372 1717 inplicat,
403 1634 421 1696 i.
443 1654 470 1698 e.
497 1635 619 1699 fumum
648 1637 679 1698 et
700 1634 854 1698 tenebras.
897 1634 1019 1698 Similes
1041 1634 1164 1716 Vergilii
1185 1634 1243 1698 loci
1263 1636 1393 1699 exstant

230 1741 311 1805 Aen.
324 1741 370 1818 lll,
389 1728 449 1804 1'94
463 1760 527 1823 sq:
551 1741 651 1805 imber
668 1744 793 1805 noctem
813 1740 1013 1823 hiememque
1034 1741 1149 1818 terens,
1172 1739 1239 1804 Cul.
1255 1740 1318 1805 273
1327 1761 1392 1824 sq:

230 1847 367 1912 Tartara
388 1850 482 1911 nocte
501 1847 665 1912 tremenda
683 1847 793 1912 obsita.
806 1882 844 1892 —
860 1847 1026 1929 Eleganter
1041 1846 1232 1911 vocabulum
1249 1848 1390 1914 ›nubes‹

230 1955 270 2020 de
283 1955 433 2020 ebrietate
454 1958 485 2019 et
506 1974 618 2038 sopore
640 1955 762 2034 dicitur,
784 1956 898 2037 quibus
917 1973 1008 2018 mens
1029 1956 1120 2037 quasi
1139 1955 1225 2019 nube
1235 1956 1391 2036 obruitur,

231 2062 298 2126 Val.
317 2061 364 2139 llI,
376 2062 434 2125 ὅδε
454 2061 541 2126 nube
560 2063 654 2140 meri,
677 2061 753 2140 VIII,
765 2063 821 2126 81:
857 2064 949 2146 primi
971 2083 1135 2146 percussus
1154 2063 1239 2128 nube
1259 2066 1392 2146 soporis,

231 2173 266 2234 ut
287 2169 365 2234 Stat.
388 2169 499 2234 Achill.
516 2169 624 2247 Luta
651 2169 717 2234 Val.
740 2169 788 2247 lll,
798 2171 876 2234 573:
898 2171 983 2234 nube
1005 2171 1082 2235 mali
1102 2190 1268 2253 percussus
1290 2191 1392 2238 amor.

231 2276 332 2360 Saepe
359 2276 496 2341 »nubes«
532 2277 628 2341 etiam
657 2277 699 2341 ad
726 2276 967 2357 significandam
994 2277 1125 2341 densam
1155 2278 1392 2344 multitudinem

230 2383 323 2448 nubis
344 2384 443 2448 instar
465 2383 708 2448 obumbrantem
732 2385 933 2462 transfertur,
955 2387 990 2448 ut
1011 2382 1078 2455 Val.
1101 2384 1136 2463 Il,
1147 2386 1204 2449 521
1219 2406 1283 2469 sq:
1305 2389 1392 2452 tota-

231 2512 293 2574 que
315 2492 483 2574 pharetrae
499 2491 585 2555 nube
606 2492 735 2574 premit,
757 2491 847 2572 Verg.
869 2491 949 2555 Aen.
963 2491 1028 2570 ΧΗ,
1044 2493 1104 2555 953
1119 2512 1183 2575 sq:
1202 2493 1392 2578 hostemque

231 2618 288 2680 per
320 2617 414 2662 auras
447 2599 532 2663 iacta
566 2597 652 2664 nube
687 2585 848 2680 premunt,
887 2597 939 2676 IX,
958 2598 1014 2663 33:
1046 2598 1097 2663 hic
1132 2600 1269 2664 subitam
1298 2602 1391 2684 nigro

230 2704 395 2786 glomerari
413 2706 542 2788 pulvere
564 2706 694 2771 nubem.
720 2742 756 2752 -
779 2705 845 2769 Vol.
869 2706 918 2783 Vl,
931 2706 1007 2770 261:
1028 2707 1053 2770 si
1074 2708 1143 2789 quis
1164 2727 1258 2773 avem
1272 2710 1391 2773 summi

230 2811 367 2876 deducat
394 2812 436 2876 ab
459 2832 533 2878 aere
558 2815 655 2893 rami,
683 2815 701 2878 i.
731 2834 757 2878 e.
787 2832 806 2878 a
833 2815 972 2896 fastigio,
1005 2815 1176 2879 cacumine.
1227 2815 1314 2880 Idem
1341 2821 1389 2881 est

231 2917 322 2999 Verg.
351 2917 461 2999 Georg.
496 2918 609 2996 11,1a3
636 2939 697 3002 sq:
731 2922 786 2984 ubi
813 2940 888 2986 aera
927 2922 1051 2985 vincere
1077 2941 1238 2986 summurn
1267 2923 1390 2988 arboris

231 3025 318 3091 haud
344 3025 427 3089 ullae
458 3027 541 3090 iactu
572 3030 702 3108 potuere
732 3027 873 3109 sagittae.
912 3062 951 3072 -
989 3028 1055 3093 Val.
1078 3029 1113 3105 V,
1129 3030 1208 3093 512:
1242 3030 1388 3096 Taenarii

230 3133 429 3216 chlamydem
447 3133 487 3198 de
508 3134 662 3216 sanguine
683 3134 768 3213 aeni,
799 3134 816 3198 i.
840 3154 866 3198 e.
894 3155 1036 3218 purpura
1057 3137 1198 3202 tinctam.
1248 3139 1295 3203 De
1321 3140 1389 3203 aliis

229 3241 414 3307 humoribus
435 3241 487 3305 alii
508 3261 635 3324 quoque
656 3246 769 3324 poetae
790 3243 887 3313 verbo
908 3243 1068 3325 sanguinis
1089 3248 1231 3309 utuntur.
1254 3245 1296 3310 ib.
1311 3247 1387 3311 608:

228 3350 380 3415 saxiferae
401 3354 509 3431 surgat
531 3349 645 3433 quibus
665 3349 765 3414 imber
786 3350 945 3429 habenae,
976 3352 995 3415 i.
1019 3372 1045 3416 e.
1069 3372 1186 3435 magna
1208 3352 1387 3418 multitudo,

229 3455 278 3533 Vl,
289 3457 351 3521 684
370 3476 433 3538 sq:
456 3457 557 3521 omnis
578 3458 610 3521 in
631 3477 731 3523 unurn
753 3458 854 3522 imber
876 3459 918 3523 iit.
960 3459 1080 3524 Eadem
1102 3460 1264 3525 translatio
1285 3463 1389 3526 exstat

227 3562 307 3625 Aen.
330 3562 485 3641 huual:
517 3565 634 3629 terreus
663 3567 779 3647 ingruit
809 3566 918 3630 imber.
971 3566 1037 3630 Val.
1069 3565 1117 3643 VI,
1139 3566 1216 3630 611:
1247 3567 1386 3632 >imber‹

229 3669 334 3734 nivem
355 3669 517 3751 significat.
553 3671 593 3734 ib.
618 3673 675 3735 186
697 3692 761 3754 sq:
791 3674 905 3737 thorax
932 3672 1028 3753 egerit
1054 3671 1168 3736 imbres
1187 3675 1385 3756 sanguineos.

229 3774 291 3839 Sed
314 3775 449 3841 »imber«
471 3776 596 3859 saepius
617 3778 656 3842 de
678 3780 789 3861 quovis
810 3778 943 3843 humore
964 3783 1019 3843 aut
1042 3780 1103 3844 alia
1126 3800 1169 3858 re,
1194 3801 1276 3863 quae
1290 3782 1387 3864 pluvii

230 3881 325 3945 modo
357 3883 456 3962 cadit,
490 3882 665 3948 adhibetur.
710 3885 751 3947 ib.
778 3885 839 3948 394
867 3905 929 3967 sq:
962 3884 1078 3949 diluvio
1113 3886 1167 3951 tali
1194 3887 1387 3971 paribusque

229 3987 433 4056 Ariasmenus
455 3993 545 4072 urget
565 3989 707 4069 excidite,
729 3992 747 4054 i.
771 4011 796 4054 e.
819 3991 872 4055 tali
895 3991 1040 4069 exercitu,
1062 3993 1115 4075 qui
1137 3993 1216 4058 sicut
1233 3993 1386 4060 diluvium
