2828 4778
115 80 122 105 ι’
225 108 351 177 Dianae
371 104 508 173 advenit.
541 103 684 188 Denique
699 103 823 186 Vergilii
845 105 991 186 exempla
1013 104 1164 186 conferas,
1187 124 1270 189 quae

143 292 146 299 ,
214 219 300 284 Aen.
323 216 373 295 Vl,
395 217 437 280 64
457 235 522 297 sq.:
554 214 668 296 quibus
699 213 818 277 obstitit
846 212 935 276 Ilium
968 217 1000 276 et
1031 214 1141 294 ingens
1172 214 1270 295 gloria

243 325 303 389 iae.
342 323 419 401 Vlll,
439 323 496 386 38:
531 323 694 403 expectate
715 319 783 384 solo
802 320 951 384 Laurenti
974 320 1121 402 arvisque
1142 320 1270 384 Latinis.

184 433 264 497 120:
303 429 468 494 Thraeicia
489 429 586 493 fretus
607 427 727 491 cithara
749 426 926 507 fidibusque
947 428 1078 490 canoris.

91 526 117 597 ζ’
194 539 300 621 Saepe
337 535 462 600 duobus
502 533 706 597 substantivis
745 531 858 596 eadem
899 553 948 597 res
982 533 1181 616 exprimitur,
1218 533 1270 598 ubi

91 632 201 724 *prius
220 644 412 709 vocabulum
433 641 764 724 posteriore'lucidum
786 640 821 704 fit
846 643 877 703 et
900 640 1080 722 explicatur.
1122 640 1273 724 Exempla

111 756 242 817 exstant
263 751 376 816 Valerii
397 749 447 826 Vl,
461 749 501 812 53
524 769 587 831 sq.:
613 749 732 828 insigne
759 746 838 810 Iovis
869 747 1052 829 caelataque
1079 751 1181 829 gestat
1207 752 1274 829 leg-

112 861 214 938 iniua,
234 861 254 924 i.
265 880 292 924 e.
313 862 411 924 scuta.
445 856 593 921 Similiter
612 856 648 933 ll,
659 855 738 918 418:
761 857 837 919 tunc
854 875 962 919 ensem
978 858 1154 938 notumque
1171 856 1272 919 ferens

91 954 237 1049 5insigne
263 966 426 1030 Thoantis.
489 964 539 1039 Vl,
559 963 622 1026 470
642 983 705 1044 sq.:
740 944 827 1024 dedit
855 982 926 1026 acre
952 963 1047 1026 decus
1075 962 1274 1044 fecundaque

91 1073 264 1165 nmonstris
284 1071 418 1154 cingula.
462 1071 484 1148 Ι,
506 1070 566 1132 759
587 1090 651 1151 sq.:
684 1070 842 1132 ferrumne
869 1071 1013 1151 capessat
1041 1068 1155 1133 inbelle
1177 1072 1274 1152 alque

123 1178 188 1242 aevi
207 1181 384 1262 gestamina
405 1178 511 1261 primi,
535 1178 553 1241 i.
562 1198 588 1241 e.
600 1196 719 1253 ensem,
740 1195 834 1259 quem
851 1177 926 1239 olim
949 1175 1069 1240 iuvenis
1090 1179 1275 1258 gestaverat.

91 1272 95 1299 ³
125 1281 173 1365 Vl,
190 1288 250 1352 465
272 1307 338 1369 sq.:
368 1286 420 1376 da,
441 1305 561 1368 precor,
582 1284 707 1348 artificis
728 1283 848 1347 blanda
868 1276 1061 1366 aspiramine
1083 1287 1202 1349 formae
1224 1305 1275 1349 or·

132 1395 275 1476 natusque
296 1396 377 1457 tuos.
409 1391 530 1455 Similes
550 1391 608 1454 loci
624 1391 747 1471 Vergilii
763 1391 966 1456 inveniuntur
974 1391 1054 1456 Aen.
1069 1391 1131 1470 Vll,
1143 1392 1203 1456 657
1213 1413 1275 1475 sq.:

137 1497 280 1584 clipeoque
310 1500 431 1580 insigne
464 1502 633 1581 paternum
661 1501 788 1562 centum
821 1518 941 1580 angues
971 1499 1170 1581 cinctamque
1197 1499 1276 1581 gerit

114 1609 316 1688 -s'erpentibm
348 1607 491 1690 hydram.
555 1606 601 1683 X,
619 1604 680 1668 496
708 1625 771 1687 sq.:
810 1604 937 1687 rapiens
967 1605 1108 1670 inmania
1135 1607 1277 1688 pondera

144 1707 220 1777 baltei
238 1715 477 1798 inpressumque
498 1713 597 1777 nefas.
641 1711 707 1775 Val.
729 1712 751 1789 l,
774 1713 814 1776 85
836 1732 900 1795 sq.:
939 1715 970 1776 te
991 1713 1111 1777 tonitru
1131 1716 1276 1795 nutuque

91 1830 94 1835 '
146 1821 240 1899 reposci
271 1821 420 1902 coniugis.
480 1819 521 1883 ib.
544 1820 603 1883 723
624 1839 688 1901 sq.:
733 1823 807 1883 sunt
835 1819 887 1883 hic
918 1820 1013 1884 etiam
1045 1824 1101 1885 lua
1133 1821 1275 1898 vulnera,

91 1908 96 1923 ’
149 1927 254 2006 praedo,
280 1931 356 1992 sunt
381 1927 527 1992 lacrimae
554 1945 707 2008 carusque
730 1946 862 2008 parens,
891 1946 955 2009 quo
983 1926 1053 1991 loco
1084 1928 1151 1992 sine
1181 1947 1278 1992 causa

150 2024 331 2099 baebensius
360 2054 419 2117 pro
449 2053 622 2116 »carusque
643 2053 774 2115 parens«
807 2053 979 2117 »casusque
1009 2054 1115 2116 pares«
1147 2034 1278 2116 scripsit.

91 2150 93 2158 '
153 2129 179 2210 Π,
193 2137 256 2205 llll:
289 2141 407 2225 promit
436 2140 635 2223 chlamydem
660 2144 826 2223 textosque
846 2140 979 2205 labores.
1022 2141 1094 2204 Non
1121 2141 1204 2204 duae
1230 2159 1280 2203 res

91 2236 95 2246 '
152 2237 352 2326 opinantur,
375 2248 430 2312 sed
460 2266 538 2325 una,
560 2246 701 2330 chlamys
731 2267 789 2311 acu
809 2247 901 2330 picta.
962 2247 1012 2324 lv,
1033 2247 1095 2310 550
1115 2268 1178 2329 sq.:
1222 2267 1280 2312 ceu

91 2346 94 2354 ’
153 2353 299 2436 lumquam
321 2357 430 2439 poenis
451 2355 601 2437 nullaque
622 2358 788 2436 gravatum
810 2358 907 2436 peste.
949 2354 984 2433 ll,
1002 2354 1062 2417 368
1083 2375 1146 2437 sq.:
1167 2354 1279 2438 longus

153 2459 243 2536 e(illlis
265 2465 297 2527 et
326 2462 472 2526 fluctibus
499 2466 586 2526 arcet
615 2462 691 2525 dum
716 2465 829 2525 metus.
869 2461 892 2539 l,
912 2461 974 2525 200
992 2481 1056 2543 sq.:
1091 2462 1140 2526 ille
1168 2482 1280 2545 aspera

153 2550 216 2627 ilua
230 2569 363 2652 repperit
386 2572 418 2633 et
439 2568 588 2646 Colchos,
617 2570 635 2632 i.
658 2589 684 2632 e.
713 2569 798 2632 iussa
819 2573 930 2633 contra
952 2567 1085 2634 Colchos
1107 2571 1279 2651 pugnandi.

153 2655 269 2742 u7102
289 2676 355 2741 fida
375 2676 545 2740 ministeria
566 2680 597 2740 et
619 2676 713 2740 duras
735 2677 801 2740 obit
822 2677 950 2741 horrida
970 2696 1101 2759 pugnas.
1138 2677 1186 2754 lv,
1203 2676 1278 2739 627:

152 2780 304 2866 munitque
329 2802 434 2847 moras
454 2787 643 2865 tempusque
665 2783 804 2848 timendi.
846 2783 897 2862 Vl,
918 2784 996 2848 263:
1027 2783 1104 2847 dolis
1131 2784 1280 2865 viscoque

152 2889 221 2960 iulet
240 2894 384 2972 correpta
405 2892 518 2954 tenaci.
562 2890 624 2968 Vll,
646 2891 707 2954 516
728 2910 790 2972 sq.:
833 2910 915 2973 quae
938 2889 1075 2972 pericula
1105 2893 1136 2953 et
1157 2890 1227 2972 quis
1247 2890 1280 2953 in

152 2977 236 3060 Alolio
255 3001 384 3062 maneat
406 3001 437 3061 te
456 2998 569 3062 vellere
591 3002 703 3062 custos.
743 2996 886 3061 Pericula
907 3000 1012 3061 custos
1036 2997 1120 3061 solus
1142 2996 1279 3060 molitur.

152 3084 221 3166 Qvod
239 3105 363 3170 dicendi
383 3124 483 3186 genus
503 3124 577 3168 cum
596 3104 719 3169 Valerio
742 3105 893 3170 usitatum
913 3103 965 3180 sit,
992 3102 1104 3167 iniuria
1122 3103 1282 3169 Baehren-

151 3193 196 3265 l'ls
212 3208 258 3290 IV,
278 3212 343 3276 aaa
376 3211 540 3276 frondibus
560 3211 593 3275 in
614 3212 729 3276 croceis
751 3214 783 3275 et
803 3210 930 3293 iniquae
951 3229 1083 3274 munere
1103 3210 1281 3293 Nymphae,

151 3309 240 3382 ‘imissa
259 3317 413 3401 particula
427 3320 495 3381 »et«
517 3319 648 3382 coniecit
671 3317 862 3394 »inimicae«,
883 3317 970 3381 cuius
988 3317 1102 3380 verba:
1124 3316 1199 3398 quid
1213 3320 1282 3380 ›ml‹

149 3401 186 3478 hil
200 3423 253 3488 sibi
278 3424 354 3488 velit
381 3429 487 3489 mente
518 3444 583 3489 non
610 3444 777 3509 assequor,
812 3444 886 3490 cum
916 3424 992 3489 illud
1025 3442 1193 3487 »munerea
1227 3443 1283 3506 per

149 3529 356 3605 alipositionem
385 3532 427 3596 ad
451 3532 632 3597 »frondibus
660 3533 693 3596 in
721 3533 859 3597 croceis<
878 3531 1027 3596 accedere
1047 3530 1177 3608 debeat,
1209 3549 1283 3595 eum

150 3624 435 3718 rontonnacum,
467 3640 521 3720 qui
541 3639 653 3704 Valerii
685 3638 747 3702 hac
780 3639 812 3701 in
843 3658 877 3702 re
908 3637 1131 3720 proprietatem
1160 3635 1284 3701 dicendi

151 3744 321 3820 agnoverit.

1114 3874 1130 3929 6
