2828 4778
784 265 824 332 lt

221 443 348 510 undans
368 443 477 528 pinus,
499 443 518 510 i.
541 466 568 511 e.
588 446 654 523 fax,
681 445 764 511 Aen.
785 445 822 523 V,
847 445 922 511 lla:
944 445 1100 513 undantia
1120 445 1196 511 lora.
1237 444 1390 512 Fortasse

221 551 283 616 hoe
301 551 399 616 modo
418 552 639 633 explicandum
659 556 706 616 est
722 552 772 630 Vl,
782 552 861 617 618:
884 552 1024 618 terrificis
1046 553 1223 618 undantem
1245 553 1391 619 crinibua

221 658 380 735 Hebrum,
402 658 458 722 sed
479 659 541 724 hoo
562 659 631 724 loeo
653 659 813 723 ›undare‹
836 659 922 725 idem
943 660 1050 725 valere
1071 663 1174 742 potest
1196 659 1283 742 quod
1310 659 1393 724 »ab-

222 766 378 842 undare«,
408 769 447 829 ut
472 764 500 843 l,
522 766 603 830 539:
631 765 733 831 undat
754 766 844 849 equis
864 767 1019 849 floretque
1040 767 1114 831 viris
1135 766 1262 847 (regio),
1284 769 1318 830 et
1339 767 1393 840 Ill,

223 874 298 940 117:
342 872 501 941 undantes
520 891 658 937 mensas

308 978 501 1056 ›lmmolare,
514 979 672 1059 exigeret:
696 978 804 1056 lissa
825 977 989 1044 immolare
1009 997 1069 1061 pro
1088 979 1244 1045 trucidare
1266 978 1392 1059 legitur,

222 1107 321 1170 quam
341 1085 578 1151 translationem
599 1085 753 1167 Vergilius
774 1104 904 1169 quoque
924 1085 1055 1150 adhibet
1074 1085 1155 1151 Aen.
1177 1085 1217 1162 X,
1238 1085 1302 1148 540
1322 1106 1391 1169 sq.2

222 1192 409 1275 lapsumque
430 1190 783 1273 superseminarent.
813 1189 880 1257 Vel.
897 1190 1036 1268 vlam:
1059 1190 1149 1255 illum
1170 1190 1262 1272 exigit
1286 1191 1393 1269 hasta,

221 1300 240 1362 i.
263 1319 289 1363 e.
311 1298 475 1378 transfigit,
497 1297 679 1375 transfodit,
702 1317 786 1380 quae
807 1296 972 1365 translatio
994 1298 1054 1362 nisi
1074 1297 1136 1362 hoe
1158 1297 1228 1362 loeo
1248 1317 1316 1363 non
1341 1299 1390 1363 in·

221 1405 356 1482 venitur,
377 1422 476 1487 quam
497 1403 539 1467 ob
561 1422 690 1469 sarnam
711 1403 921 1469 Baehrensius
944 1404 1093 1487 ›exeipit‹
1114 1403 1253 1487 scripsit,
1280 1404 1340 1469 sed
1363 1405 1392 1473 ei

221 1512 438 1579 accedendum
459 1528 525 1575 non
548 1529 614 1586 aaa
637 1514 724 1592 puta

304 1618 519 1684 »Damnatam
560 1617 719 1700 Exquisita
745 1618 880 1685 verbum
907 1617 1084 1686 damnandi
1107 1637 1128 1683 a
1148 1617 1273 1683 Valerio
1294 1637 1392 1685 usur-

221 1730 331 1810 patum
353 1729 399 1791 eet
421 1725 445 1802 l,
467 1724 522 1789 70:
546 1725 631 1791 flava
650 1743 803 1806 quercum
824 1725 990 1793 damnavit
1011 1726 1122 1803 arista,
1143 1745 1220 1807 pro:
1251 1744 1392 1807 quercus

223 1853 342 1915 magna
375 1851 493 1916 parvae
522 1820 637 1898 aristae
670 1831 781 1897 cedere
817 1832 947 1914 angitur.
997 1831 1165 1913 Vergilius,
1196 1852 1294 1915 quem
1326 1833 1390 1901 hon

223 1959 350 2023 quoque
377 1939 448 2005 looo
472 1938 614 2006 Valerius
639 1938 779 2005 imitatus
805 1942 868 2016 est,
900 1938 1035 2004 verbum
1068 1940 1213 2005 mumw
1240 1939 1392 2007 adhibuit

224 2045 369 2128 Georgl,
384 2047 476 2128 lap:
501 2049 605 2113 vestro
621 2045 647 2109 si
659 2065 792 2111 munere
807 2045 899 2112 tellus
914 2044 1090 2113 Chaoniam
1111 2047 1218 2130 pingui
1236 2047 1391 2128 glandem

223 2154 358 2221 mutavit
386 2154 490 2219 arista.
514 2189 551 2199 -
573 2152 641 2219 Vel.
662 2151 702 2231 11,
733 2153 810 2219 153:
839 2154 995 2220 damnata
1014 2154 1132 2237 paelice
1152 2154 1263 2237 proles
1305 2155 1392 2221 Pae«

222 2260 289 2326 licis
306 2278 402 2326 eausa
430 2263 520 2342 pater
546 2259 626 2326 filios
654 2260 764 2341 prioris
785 2261 891 2325 uxoris
916 2260 1022 2325 minus
1050 2264 1139 2326 amat
1168 2265 1266 2344 atque
1288 2263 1392 2327 etiam.

224 2366 368 2448 neglegit.

308 2474 463 2540 »liuere«
485 2471 533 2551 lll,
555 2472 615 2537 4⁰7
625 2493 633 2538 t
664 2472 804 2541 insontes
829 2492 935 2537 enare
955 2472 1027 2551 tuit,
1049 2474 1067 2538 i.
1090 2493 1117 2538 e.
1139 2475 1240 2552 solvit,
1262 2474 1391 2555 lustrat,

224 2585 355 2665 purgat,
383 2600 466 2664 quae
492 2579 677 2661 significatio
706 2579 793 2662 apud
816 2579 892 2645 alios
915 2583 1025 2663 poetas
1045 2600 1113 2646 non
1132 2581 1302 2647 invenitur.
1346 2584 1390 2662 ll,

224 2689 302 2754 569:
324 2689 391 2755 luat
410 2708 569 2771 responsa,
590 2687 609 2752 i.
630 2708 657 2752 e.
680 2688 795 2770 expiet,
813 2690 946 2766 avertat,
969 2689 1056 2754 irrita
1078 2690 1183 2754 laniat.
1222 2689 1388 2756 Baehren-

224 2796 287 2862 sius
315 2815 380 2860 non
408 2795 492 2859 male
521 2795 650 2877 quidem
680 2795 805 2861 ›ludat‹
836 2796 982 2874 coniecit,
1014 2797 1069 2862 sed
1101 2795 1278 2860 mutatione
1304 2816 1388 2879 opus

224 2922 290 2968 non
311 2905 372 2980 est,
400 2901 582 2984 praesertim
610 2920 684 2966 eum
706 2902 810 2967 Livius
839 2922 965 2985 quoque
993 2903 1126 2967 similem
1147 2902 1392 2969 translationem

224 3009 342 3076 habeat
363 3008 403 3087 X,
421 3008 477 3073 28:
497 3007 608 3073 datum
630 3008 692 3073 hos
712 3013 819 3074 nostro
840 3010 946 3090 generi
968 3013 1024 3087 est,
1046 3013 1083 3073 ut
1102 3009 1226 3074 luendis
1242 3011 1388 3092 perieulis

226 3115 357 3202 publicis
377 3114 503 3198 piacula
522 3114 631 3178 strnue.

309 3223 508 3301 »Retentara
528 3224 761 3306 praetentare:
784 3221 832 3301 ΠΙ,
847 3222 907 3286 97:
928 3221 990 3289 iras
1010 3225 1178 3301 retentant,
1200 3224 1218 3288 i.
1238 3244 1265 3289 e.
1286 3227 1388 3308 repri-

226 3334 335 3410 munt,
359 3349 456 3413 quarn
482 3330 721 3398 translationem
743 3329 829 3412 apud
851 3327 1013 3397 Valerium
1032 3330 1136 3397 solum
1157 3330 1291 3397 invenio.
1335 3333 1388 3412 Vl,

226 3442 284 3505 75:
305 3441 510 3523 praetentans
530 3439 676 3515 vulnera,
698 3457 755 3520 pro
778 3437 1036 3520 »praetendens«,
1055 3438 1143 3521 quod
1163 3439 1294 3504 verbum
1316 3439 1389 3505 Sto·

229 3547 410 3614 thonwerus
430 3545 488 3626 legi
510 3545 586 3624 nult,
609 3565 706 3628 quem
725 3545 934 3612 Baehrensius
955 3565 1083 3628 quoque
1103 3548 1228 3610 seculus
1249 3551 1303 3611 est.

311 3651 513 3729 »Percellera
535 3656 680 3734 quatere,
704 3671 869 3734 rumpere,
893 3652 1044 3735 pellere‹:
1079 3651 1114 3729 ll,
1136 3652 1193 3717 al:
1221 3673 1285 3718 vox
1313 3654 1388 3721 inde

228 3778 341 3842 repens
369 3763 405 3825 ut
431 3757 561 3842 perculit
589 3758 721 3835 urbem,
749 3757 803 3823 nbi
829 3757 1033 3825 Burmannus
1060 3759 1229 3839 »percutit«
1252 3762 1387 3843 mavult,

228 3867 283 3932 sed
306 3867 473 3949 »perculit«
502 3867 585 3931 reete
613 3882 677 3931 non
706 3863 849 3930 damnat.
893 3863 1047 3930 »Perculit
1069 3864 1201 3931 rubam«
1227 3867 1313 3932 idem
1338 3875 1390 3935 est

230 3973 332 4058 quod:
355 3973 386 4037 in
410 3975 521 4038 urbem
536 3973 653 4037 intrare
675 3975 706 4035 et
720 3970 833 4037 nivium
851 3989 943 4037 aures
955 3968 1054 4036 lenire.
1087 3970 1200 4050 1,743:
1223 3975 1387 4056 quatiunt-

231 4101 294 4170 que
314 4085 417 4149 trnees
438 4079 566 4147 oracula
585 4077 726 4145 Colchos
768 4077 806 4158 V,
826 4077 902 4145 am:
933 4096 1125 4161 onmemque
1150 4081 1253 4164 quatit
1275 4103 1386 4147 rumo-
