2828 4778
602 643 652 727 G.
711 642 770 727 De
798 641 1068 755 hysterologia.

334 853 394 918 Hic
407 856 517 936 tropus
535 875 555 919 a
569 854 762 932 Quintiliano
784 855 916 920 omissus
937 855 1085 921 definitur
1102 875 1121 919 a
1139 853 1290 938 Gregorio
1305 851 1407 917 Corin-

253 958 321 1024 thio
342 959 453 1041 (Walz.
476 960 538 1027 Rn.
558 960 609 1025 Gr.
629 960 696 1024 Vlll
717 961 851 1045 p,778):
875 961 1082 1043 ὑστερολογία
1103 960 1174 1026 ἐστὶ
1197 968 1294 1041 μέρος
1314 958 1405 1039 λόγου

255 1061 336 1131 ὅταν
363 1063 382 1129 ὃ
412 1066 467 1128 δεῖ
494 1070 623 1148 πρῶτον
651 1067 753 1148 λέγειν
776 1063 915 1148 ὕστερον
936 1091 982 1142 τις
1003 1069 1156 1151 ἐπιφέρῃ,
1186 1070 1219 1131 et
1244 1066 1410 1147 aGeorgi

256 1172 476 1239 Choeroboseo
510 1173 628 1255 (Walz.
654 1174 716 1238 Rh.
740 1174 791 1240 Gr.
818 1175 884 1238 Vlll
912 1195 941 1258 p.
962 1174 1059 1256 818):
1103 1173 1314 1254 οσοερολογίο
1347 1174 1414 1236 ἐστ

254 1277 344 1361 λόγος
373 1282 500 1360 πρῶτος
528 1277 661 1360 ὕστερος
688 1279 857 1363 λεγόμενος
889 1282 943 1346 καὶ
972 1282 1029 1346 διαὶ
1055 1283 1151 1344 τοῦτο
1182 1277 1414 1361 πρωθύσοερ·

254 1385 498 1468 ὀνομαζόμενος.

336 1516 408 1582 Non
435 1536 530 1601 saepe
551 1518 691 1582 Valerius
719 1517 780 1582 hoc
808 1523 900 1602 tropo
923 1519 1029 1582 utitur.
1071 1518 1150 1582 Vide
1175 1518 1216 1581 sis
1245 1517 1268 1596 1,
1279 1517 1322 1581 94
1350 1538 1396 1599 sq.

250 1624 350 1689 moliri
371 1623 456 1689 huno
475 1644 613 1708 puppem
634 1625 721 1689 iubet
752 1628 784 1689 et
812 1625 976 1690 demittere
1003 1626 1084 1693 ferro
1106 1625 1231 1689 robora.
1273 1624 1410 1688 Arbor

252 1731 340 1796 caedi
369 1749 493 1795 neeesse
522 1734 585 1808 est,
617 1733 790 1813 antequam
820 1732 909 1795 navis
938 1730 1083 1795 fabricari
1112 1733 1225 1814 potest.
1268 1729 1400 1794 Similite

251 1837 466 1911 Aen.1‚179:
494 1840 526 1901 et
548 1841 666 1905 torrere
679 1841 804 1925 'parant
824 1836 961 1901 flammis
990 1840 1022 1900 et
1049 1837 1193 1918 frangere
1216 1855 1303 1900 saxo.
1347 1836 1413 1900 Val.

250 1943 362 2022 111,11:
387 1963 467 2027 quas
489 1942 615 2024 (vestes)
636 1944 766 2011 dederat
788 1945 871 2029 picto
891 1947 923 2008 et
937 1944 1115 2008 variaverat
1130 1961 1217 2007 auro.
1247 1942 1289 2005 ib.
1302 1942 1412 2025 7tsqa

252 2054 288 2116 ut
307 2049 450 2133 proxima
472 2069 617 2134 quaeque
640 2050 801 2116 intremuit
822 2051 936 2115 domus
966 2054 997 2115 et
1022 2054 1126 2115 motus
1153 2049 1274 2131 accepit
1294 2048 1413 2113 inanes.

251 2157 284 2221 Si
305 2156 448 2226 homiues
478 2159 581 2220 motus
608 2160 814 2238 acceperunt,
844 2161 912 2223 turn
942 2157 1071 2222 demum
1101 2155 1328 2219 intremiscunt.
1365 2155 1413 2232 VI,

250 2263 307 2328 341
332 2282 397 2344 sq.:
425 2262 449 2326 it
483 2261 623 2326 medium
650 2283 706 2345 per
734 2266 843 2345 pectus
880 2266 911 2327 et
940 2262 1069 2327 horrida
1098 2281 1183 2327 nexu
1211 2260 1310 2325 letifer
1340 2282 1406 2326 ae

251 2367 389 2451 chalybs.
432 2367 573 2432 Primum
602 2368 698 2432 lorica
722 2367 924 2450 transfigitur,
955 2367 1068 2432 deinde
1098 2371 1216 2451 pectus.
1259 2368 1312 2431 cir.
1332 2368 1412 2432 Aen.

251 2475 359 2552 naso
381 2494 443 2556 sq.:
465 2474 600 2538 inclusos
620 2477 710 2538 utero
730 2474 858 2539 Danaos
878 2479 908 2538 et
928 2475 1022 2557 pinea
1042 2473 1148 2538 furtim
1170 2473 1256 2538 laxat
1276 2473 1413 2538 claustra

252 2581 360 2646 Sinon.
401 2579 469 2645 Val.
498 2579 548 2658 IV,
572 2580 646 2645 168:
679 2599 730 2644 me
762 2599 930 2663 nunquam
963 2580 1026 2644 leto
1060 2579 1208 2661 dignatus
1238 2582 1270 2643 et
1305 2580 1410 2645 armis.

251 2687 349 2752 Simili
359 2687 455 2751 modo
472 2687 592 2751 dictum
603 2690 650 2752 est
657 2687 738 2752 Aen.
750 2687 786 2766 11,
799 2686 874 2752 353:
896 2687 1070 2751 moriamur
1088 2689 1120 2751 et
1141 2686 1173 2750 in
1195 2686 1300 2750 media
1319 2706 1411 2751 arma

252 2812 392 2859 ruamus.
413 2826 450 2838 —
475 2792 543 2856 Vat.
564 2792 703 2871 VI‚366:
729 2794 868 2858 insonuit
890 2813 972 2877 quae
995 2792 1116 2874 (galea)
1138 2791 1227 2875 lapsa
1246 2792 1312 2857 solo
1334 2793 1411 2858 dex·

250 2903 396 2982 iramque
424 2897 538 2964 fefellit.
581 2897 755 2981 Postquam
790 2900 881 2980 galea
907 2900 1052 2964 dextram
1080 2898 1201 2977 fefellit,
1226 2898 1292 2962 solo
1321 2898 1410 2981 lapsa

251 3009 307 3073 est.
350 3005 412 3070 Sed
433 3004 514 3069 haee
534 3003 699 3082 haetenus,
726 3004 791 3068 iarn
811 3005 852 3069 ad
872 3005 1004 3068 alteram
1025 3003 1298 3069 commentationis
1318 3023 1409 3069 meae

249 3119 372 3200 partem
395 3118 603 3178 transeamus,
