2828 4778
755 273 798 340 uo

279 454 754 539 11,960»ngres‹ssraunius¹)
786 456 918 521 feminas
945 457 1084 522 furentes
1109 454 1169 522 dici
1198 453 1363 521 infeliciter

198 564 274 630 vult.
316 565 398 629 Nam
427 567 484 628 aut
509 584 582 629 eum
603 561 844 645 Volkmannioll
872 564 999 646 tigrides
1026 563 1121 647 pelles
1147 563 1281 646 tigrlnae
1312 564 1362 630 in·

198 671 392 753 tellegendae
419 674 494 736 sunt
523 674 580 736 aut
609 670 631 734 1.
660 670 904 752 A.Wagner11s
934 674 1018 736 reete
1052 670 1204 754 explicata
1248 674 1361 737 tantus

199 782 266 844 erat
292 779 411 842 sonitus
438 782 677 862 tympanorum,
716 780 752 841 ut
782 797 900 842 aeneae
934 777 1062 859 tigrides
1091 780 1123 841 et
1146 778 1230 843 intus
1259 797 1360 843 cavae

200 890 391 951 resonarent.
436 884 608 966 »Tigridem
636 885 739 969 inquit
764 885 937 963 Braunius,
971 885 1103 949 fremere
1131 903 1198 951 non
1227 888 1361 968 possunt

200 992 256 1058 nisi
269 993 362 1072 vivi«,
384 992 470 1076 quod
483 995 706 1073 argumentum
718 992 804 1075 apud
816 996 943 1074 poetam
956 1010 1023 1056 non
1036 991 1130 1056 valet.
1171 990 1360 1056 Miraoulum

199 1101 284 1165 eninr
305 1100 356 1179 fit,
384 1120 456 1165 cum
476 1099 621 1164 Bacchus
640 1119 674 1164 se
694 1101 781 1182 piam
809 1118 934 1182 precem
955 1098 1142 1183 Hypsipyles
1164 1099 1361 1164 exaudivisse

199 1208 416 1273 demonstrare
437 1205 557 1288 velitf).

392 1412 428 1457 o.
461 1395 799 1459 Translationes
820 1394 1168 1459 adiectivorum:

281 1528 423 1593 Valerius
448 1528 587 1610 plurimis
616 1529 776 1594 adiectivis
802 1526 1014 1611 metaphorice
1041 1529 1148 1593 utitur.
1197 1526 1260 1591 Sed
1285 1545 1361 1592 curn

200 1636 252 1700 alii
274 1655 401 1718 quoque
422 1638 534 1717 poetae
555 1636 656 1700 multa
671 1654 781 1701 eorum
795 1655 889 1718 saepe
902 1638 1063 1718 usurpent,
1085 1635 1192 1716 magni
1207 1633 1363 1699 momenti

199 1761 265 1807 non
294 1746 341 1807 est
367 1742 473 1807 omnia
500 1744 687 1807 enumerari.
740 1742 928 1807 Gravissima
961 1745 1069 1807 autem
1101 1740 1247 1823 exempla
1281 1740 1362 1805 mihi

200 1849 348 1914 videntur
368 1848 492 1928 ltroo:
523 1850 637 1915 tacitae
665 1850 799 1914 Martem
826 1853 955 1914 tenuere
982 1852 1132 1928 catenae,
1164 1848 1183 1912 l.
1203 1867 1229 1912 e·
1252 1847 1363 1912 flrrtim

201 1960 341 2040 paratae.
383 1956 501 2034 lanua
522 1976 585 2039 sq.:
614 1956 725 2038 longas
749 1957 837 2022 litore
863 1975 955 2021 voces
983 1974 1146 2038 spargere,
1177 1956 1197 2020 i.
1219 1974 1245 2020 e.
1268 1954 1363 2037 longe

200 2067 358 2128 sonantes.
407 2063 611 2129 Burmannus
637 2063 776 2128 mavult:
820 2064 915 2146 longo
942 2063 1047 2140 litore,
1078 2064 1096 2127 i.
1125 2083 1151 2127 e.
1180 2081 1236 2146 per
1264 2080 1363 2127 omne

200 2170 290 2249 litus,
311 2171 456 2254 quamvis
473 2171 604 2253 longum
624 2171 673 2235 sit.
716 2169 838 2248 ltere:
870 2170 1035 2253 scopulosa
1056 2173 1160 2252 terga,
1193 2170 1213 2233 i.
1232 2189 1260 2233 e.
1280 2169 1364 2235 sicut

201 2277 321 2360 scopuli
348 2277 559 2361 prominentia
592 2276 642 2341 vel
668 2277 808 2359 squamis
835 2277 997 2358 praeduris
1023 2295 1144 2358 aspera.
1194 2275 1282 2340 Idem
1315 2278 1364 2341 est

201 2384 281 2450 Stat.
302 2384 413 2450 Achill.
435 2384 524 2463 1,5e:
555 2385 783 2466 scopulosaque
804 2386 880 2448 cete.
932 2382 999 2447 Val.
1020 2382 1068 2460 Ill,
1080 2383 1158 2447 391:
1191 2386 1225 2447 at
1246 2382 1363 2465 quibus

200 2492 298 2557 inrito
318 2493 511 2559 maduerunt
529 2491 683 2574 sanguim
702 2490 841 2568 dextrae,
862 2490 881 2554 i.
896 2509 923 2554 e.
943 2490 998 2573 qui
1012 2488 1140 2555 caedem
1159 2490 1224 2554 fato
1245 2508 1362 2555 casuve

201 2601 405 2666 admiserunt.
454 2598 600 2665 Similiter
633 2599 747 2681 legitur
775 2597 834 2663 Ov.
867 2616 906 2662 ex
932 2598 1025 2663 Pont.
1053 2596 1089 2676 11,
1117 2598 1145 2675 l,
1176 2597 1230 2661 16:
1262 2597 1363 2662 inrita

120 2749 121 2753 =
203 2725 296 2789 saepe
319 2707 466 2772 iuvamur
486 2727 563 2791 ope,
583 2707 602 2772 i.
623 2726 650 2772 e.
675 2726 758 2790 quae
784 2706 989 2789 proficiscitur
1019 2707 1062 2770 ab
1091 2724 1142 2783 eo,
1175 2703 1228 2786 qui
1249 2702 1361 2770 iurare

200 2813 306 2878 nollet.
348 2814 462 2879 Valerii
500 2819 609 2880 autern
646 2815 715 2880 looo
754 2814 935 2898 hypallages
971 2833 1098 2897 quoque
1130 2812 1232 2893 figura
1265 2812 1363 2877 statui

200 2923 320 3004 potesta
349 2922 464 3005 quibus
488 2922 592 2988 invitis
617 2942 643 2987 e.
665 2943 696 3005 q.
717 2943 742 2986 s.
793 2922 862 2986 Val.
882 2923 919 3001 V,
930 2922 988 2987 ff:
1021 2920 1182 3003 praecipiti
1211 2918 1360 3001 gravidas

200 3030 265 3095 iam
290 3032 373 3094 sorte
401 3048 534 3112 parens,
566 3030 586 3093 l.
610 3049 637 3093 e.
666 3033 817 3113 gravatus
843 3031 945 3092 morte
971 3027 1147 3093 imminenti
1175 3027 1225 3092 vel
1256 3027 1361 3109 potius

201 3137 293 3204 morti
314 3139 540 3221 praematurae
560 3137 772 3219 propinquus,
803 3154 886 3218 quae
908 3135 929 3198 l.
950 3135 989 3199 A.
1011 3135 1163 3216 Wagneri
1194 3134 1361 3216 explicatio

199 3246 266 3312 sine
288 3245 384 3323 dubio
406 3244 516 3309 melius
537 3246 583 3309 est
604 3263 703 3327 quam
724 3242 916 3309 Burmanni:
948 3262 1028 3308 aevo
1049 3242 1166 3326 graviS,
1198 3242 1299 3319 senio,
1328 3245 1361 3307 et

199 3353 269 3419 ideo
284 3354 422 3419 delectus
435 3352 561 3418 viribus.
604 3351 751 3418 Eiusdem
768 3350 912 3416 adiectivi
926 3351 1146 3416 translationes
1156 3349 1361 3415 inveniuntur

199 3458 290 3543 Verg.
311 3461 393 3526 Aen.
406 3461 457 3538 IV,
469 3462 530 3526 229
544 3481 608 3544 sq.:
628 3461 683 3526 sed
709 3461 774 3525 lore
796 3459 851 3543 qui
872 3459 1037 3542 gravidam
1057 3458 1194 3541 imperiis
1214 3457 1360 3539 belloque

199 3566 384 3632 frementem
406 3568 529 3632 Italiam
551 3572 683 3650 regeret.
729 3568 770 3632 ib.
793 3567 832 3645 X,
843 3566 900 3630 87:
930 3564 1093 3647 gravidam
1121 3563 1207 3627 bellis
1235 3565 1358 3628 urbem.

199 3671 330 3755 Saepius
345 3674 535 3739 adiectivurn
549 3674 723 3738 »sidereus«
737 3672 950 3755 metaphorice
962 3673 1150 3752 usurpatum
1172 3671 1359 3748 invenimus,

200 3782 236 3844 ut
254 3778 320 3843 Val.
343 3781 378 3859 V,
390 3782 469 3846 466:
490 3781 612 3844 siderea
632 3801 689 3844 ora
707 3782 826 3856 fereae,
849 3778 937 3858 Verg.
949 3772 1040 3842 xAen.
1062 3777 1127 3854 ΧΠ,
1141 3778 1216 3841 167:
1236 3777 1359 3841 sidereo

200 3886 338 3969 flagrans
359 3888 466 3971 clipeo.
499 3887 565 3952 Val.
581 3887 643 3966 VII,
659 3887 734 3951 136:
755 3885 875 3950 sidereo
897 3884 995 3949 nostri
1017 3883 1056 3948 de
1077 3883 1229 3966 sanguine
1240 3883 1358 3962 Phrixi,

274 4105 294 4176 ¹)
312 4105 330 4160 l.
350 4104 368 4158 l.
389 4122 415 4173 p.
434 4106 477 4160 39.
495 4139 528 4146 -
550 4106 571 4176 ⁸)
591 4107 609 4161 l.
628 4105 647 4161 l.
665 4124 692 4176 p.
711 4105 770 4162 360.
791 4136 823 4146 -
846 4105 867 4175 ⁸)
888 4103 934 4159 ofr.
954 4103 1070 4161 Sohunk.
1088 4104 1165 4160 stud
1183 4121 1210 4174 p.
1228 4104 1288 4159 365.
