<?xml version="1.0" encoding="UTF-8"?>
<!DOCTYPE html PUBLIC "-//W3C//DTD XHTML 1.0 Transitional//EN"
    "http://www.w3.org/TR/xhtml1/DTD/xhtml1-transitional.dtd">
<html xmlns="http://www.w3.org/1999/xhtml" xml:lang="en" lang="en">
 <head>
  <title>
</title>
<meta http-equiv="Content-Type" content="text/html;charset=utf-8" />
  <meta name='ocr-system' content='tesseract 3.04.00' />
  <meta name='ocr-capabilities' content='ocr_page ocr_carea ocr_par ocr_line ocrx_word'/>
</head>
<body>
  <div class='ocr_page' id='page_1' title='image "./decvaleriiflacc00gebbgoog_0103.png"; bbox 0 0 2828 4778; ppageno 0'>
   <div class='ocr_carea' id='block_1_1' title="bbox 60 263 1301 2441">
    <p class='ocr_par' dir='ltr' id='par_1_1' title="bbox 700 263 743 328">
     <span class='ocr_line' id='line_1_1' title="bbox 700 263 743 328; baseline 0 0"><span class='ocrx_word' id='word_1_1' title='bbox 700 263 743 328; x_wconf 82' lang='grc'>90</span> 
     </span>
    </p>

    <p class='ocr_par' dir='ltr' id='par_1_2' title="bbox 136 442 1259 526">
     <span class='ocr_line' id='line_1_2' title="bbox 136 442 1259 526; baseline -0.002 -19"><span class='ocrx_word' id='word_1_2' title='bbox 136 443 248 524; x_wconf 82' lang='lat' dir='ltr'>rigant.</span> <span class='ocrx_word' id='word_1_3' title='bbox 293 444 330 521; x_wconf 84' lang='lat' dir='ltr'>V,</span> <span class='ocrx_word' id='word_1_4' title='bbox 350 446 390 505; x_wconf 76' lang='lat' dir='ltr'>oo</span> <span class='ocrx_word' id='word_1_5' title='bbox 411 463 478 524; x_wconf 90' lang='lat' dir='ltr'>sq.:</span> <span class='ocrx_word' id='word_1_6' title='bbox 503 442 663 524; x_wconf 85' lang='lat' dir='ltr'>mixtoque</span> <span class='ocrx_word' id='word_1_7' title='bbox 685 446 851 506; x_wconf 84' lang='lat' dir='ltr'>sonantem</span> <span class='ocrx_word' id='word_1_8' title='bbox 874 442 1010 522; x_wconf 88' lang='lat' dir='ltr'>percutit</span> <span class='ocrx_word' id='word_1_9' title='bbox 1032 463 1088 508; x_wconf 93' lang='lat' dir='ltr'>ore</span> <span class='ocrx_word' id='word_1_10' title='bbox 1109 443 1222 526; x_wconf 85' lang='lat' dir='ltr'>lyram,</span> <span class='ocrx_word' id='word_1_11' title='bbox 1243 443 1259 506; x_wconf 92' lang='lat' dir='ltr'>i.</span> 
     </span>
    </p>

    <p class='ocr_par' dir='ltr' id='par_1_3' title="bbox 132 549 1278 632">
     <span class='ocr_line' id='line_1_3' title="bbox 132 549 1278 632; baseline -0.001 -19"><span class='ocrx_word' id='word_1_12' title='bbox 132 551 267 632; x_wconf 87' lang='lat' dir='ltr'>percutit</span> <span class='ocrx_word' id='word_1_13' title='bbox 277 550 387 631; x_wconf 86' lang='lat' dir='ltr'>lyram,</span> <span class='ocrx_word' id='word_1_14' title='bbox 401 553 435 613; x_wconf 94' lang='lat' dir='ltr'>ut</span> <span class='ocrx_word' id='word_1_15' title='bbox 446 552 545 625; x_wconf 86' lang='lat' dir='ltr'>sonet,</span> <span class='ocrx_word' id='word_1_16' title='bbox 562 552 594 611; x_wconf 85' lang='lat' dir='ltr'>et</span> <span class='ocrx_word' id='word_1_17' title='bbox 613 549 653 611; x_wconf 89' lang='lat' dir='ltr'>ad</span> <span class='ocrx_word' id='word_1_18' title='bbox 671 549 773 631; x_wconf 84' lang='lat' dir='ltr'>lyram</span> <span class='ocrx_word' id='word_1_19' title='bbox 793 552 962 612; x_wconf 90' lang='lat' dir='ltr'>sonantem</span> <span class='ocrx_word' id='word_1_20' title='bbox 982 550 1078 613; x_wconf 87' lang='lat' dir='ltr'>canit.</span> <span class='ocrx_word' id='word_1_21' title='bbox 1111 549 1161 626; x_wconf 89' lang='lat' dir='ltr'>Vl,</span> <span class='ocrx_word' id='word_1_22' title='bbox 1173 549 1278 631; x_wconf 66' lang='lat' dir='ltr'>532sq</span> 
     </span>
    </p>

    <p class='ocr_par' dir='ltr' id='par_1_4' title="bbox 60 655 1301 2441">
     <span class='ocr_line' id='line_1_4' title="bbox 133 655 1289 736; baseline -0.001 -16"><span class='ocrx_word' id='word_1_23' title='bbox 133 657 271 721; x_wconf 87' lang='lat' dir='ltr'>frontem</span> <span class='ocrx_word' id='word_1_24' title='bbox 293 675 367 719; x_wconf 88' lang='lat' dir='ltr'>cum</span> <span class='ocrx_word' id='word_1_25' title='bbox 389 655 536 718; x_wconf 90' lang='lat' dir='ltr'>cornibus</span> <span class='ocrx_word' id='word_1_26' title='bbox 557 656 645 718; x_wconf 87' lang='lat' dir='ltr'>auxit</span> <span class='ocrx_word' id='word_1_27' title='bbox 667 655 818 735; x_wconf 86' lang='lat' dir='ltr'>hispidus.</span> <span class='ocrx_word' id='word_1_28' title='bbox 861 655 928 718; x_wconf 90' lang='lat' dir='ltr'>Aut</span> <span class='ocrx_word' id='word_1_29' title='bbox 948 674 1022 719; x_wconf 87' lang='lat' dir='ltr'>curn</span> <span class='ocrx_word' id='word_1_30' title='bbox 1044 655 1289 736; x_wconf 80' lang='lat' dir='ltr'>1.A..Wagnea</span> 
     </span>
     <span class='ocr_line' id='line_1_5' title="bbox 132 759 1292 843; baseline -0.002 -18"><span class='ocrx_word' id='word_1_31' title='bbox 132 762 324 826; x_wconf 86' lang='lat' dir='ltr'>vocabulum</span> <span class='ocrx_word' id='word_1_32' title='bbox 356 761 533 842; x_wconf 68' lang='lat' dir='ltr'>»hispidus«</span> <span class='ocrx_word' id='word_1_33' title='bbox 569 780 627 841; x_wconf 90' lang='lat' dir='ltr'>pro</span> <span class='ocrx_word' id='word_1_34' title='bbox 661 760 843 824; x_wconf 67' lang='lat' dir='ltr'>»horridus«</span> <span class='ocrx_word' id='word_1_35' title='bbox 873 761 922 824; x_wconf 89' lang='lat' dir='ltr'>vel</span> <span class='ocrx_word' id='word_1_36' title='bbox 950 763 1067 842; x_wconf 81' lang='lat' dir='ltr'>»passis</span> <span class='ocrx_word' id='word_1_37' title='bbox 1091 761 1228 843; x_wconf 72' lang='lat' dir='ltr'>capillis«</span> <span class='ocrx_word' id='word_1_38' title='bbox 1254 759 1292 823; x_wconf 65' lang='grc' dir='ltr'>ἰηι-</span> 
     </span>
     <span class='ocr_line' id='line_1_6' title="bbox 134 867 1286 949; baseline -0.001 -18"><span class='ocrx_word' id='word_1_39' title='bbox 134 868 348 949; x_wconf 82' lang='lat' dir='ltr'>tellcgendum</span> <span class='ocrx_word' id='word_1_40' title='bbox 368 871 432 943; x_wconf 83' lang='lat' dir='ltr'>est,</span> <span class='ocrx_word' id='word_1_41' title='bbox 461 870 534 943; x_wconf 86' lang='lat' dir='ltr'>aut,</span> <span class='ocrx_word' id='word_1_42' title='bbox 555 867 642 948; x_wconf 90' lang='lat' dir='ltr'>quod</span> <span class='ocrx_word' id='word_1_43' title='bbox 664 868 764 948; x_wconf 83' lang='lat' dir='ltr'>magis</span> <span class='ocrx_word' id='word_1_44' title='bbox 784 868 959 949; x_wconf 85' lang='lat' dir='ltr'>poeticum,</span> <span class='ocrx_word' id='word_1_45' title='bbox 980 867 1134 949; x_wconf 84' lang='lat' dir='ltr'><strong>prolepsis</strong></span> <span class='ocrx_word' id='word_1_46' title='bbox 1154 867 1286 932; x_wconf 84' lang='lat' dir='ltr'>hocloco</span> 
     </span>
     <span class='ocr_line' id='line_1_7' title="bbox 133 956 1286 1055; baseline -0.003 -17"><span class='ocrx_word' id='word_1_47' title='bbox 133 978 196 1038; x_wconf 88' lang='lat' dir='ltr'>cst:</span> <span class='ocrx_word' id='word_1_48' title='bbox 228 956 354 1038; x_wconf 48' lang='lat' dir='ltr'>&#39;cornua</span> <span class='ocrx_word' id='word_1_49' title='bbox 385 974 479 1038; x_wconf 85' lang='lat' dir='ltr'>tronti</span> <span class='ocrx_word' id='word_1_50' title='bbox 502 973 663 1053; x_wconf 81' lang='lat' dir='ltr'>praefixit,</span> <span class='ocrx_word' id='word_1_51' title='bbox 689 977 725 1036; x_wconf 93' lang='lat' dir='ltr'>ut</span> <span class='ocrx_word' id='word_1_52' title='bbox 750 973 892 1054; x_wconf 90' lang='lat' dir='ltr'>hispidus</span> <span class='ocrx_word' id='word_1_53' title='bbox 912 974 1011 1037; x_wconf 90' lang='lat' dir='ltr'>fieret.</span> <span class='ocrx_word' id='word_1_54' title='bbox 1053 973 1133 1051; x_wconf 83' lang='lat' dir='ltr'>Vm,</span> <span class='ocrx_word' id='word_1_55' title='bbox 1157 974 1215 1037; x_wconf 75' lang='lat'>346</span> <span class='ocrx_word' id='word_1_56' title='bbox 1236 990 1286 1055; x_wconf 86' lang='lat' dir='ltr'>sq.:</span> 
     </span>
     <span class='ocr_line' id='line_1_8' title="bbox 134 1080 1286 1160; baseline 0.002 -18"><span class='ocrx_word' id='word_1_57' title='bbox 134 1080 278 1160; x_wconf 88' lang='lat' dir='ltr'>(videbis)</span> <span class='ocrx_word' id='word_1_58' title='bbox 300 1080 377 1142; x_wconf 92' lang='lat' dir='ltr'>illud</span> <span class='ocrx_word' id='word_1_59' title='bbox 400 1098 511 1143; x_wconf 89' lang='lat' dir='ltr'>carum</span> <span class='ocrx_word' id='word_1_60' title='bbox 533 1083 630 1160; x_wconf 88' lang='lat' dir='ltr'>caput</span> <span class='ocrx_word' id='word_1_61' title='bbox 650 1081 695 1143; x_wconf 88' lang='lat' dir='ltr'>ire</span> <span class='ocrx_word' id='word_1_62' title='bbox 714 1084 847 1144; x_wconf 88' lang='lat' dir='ltr'>eruenta</span> <span class='ocrx_word' id='word_1_63' title='bbox 867 1081 929 1143; x_wconf 90' lang='lat' dir='ltr'>sub</span> <span class='ocrx_word' id='word_1_64' title='bbox 947 1081 1037 1144; x_wconf 84' lang='lat' dir='ltr'>freta.</span> <span class='ocrx_word' id='word_1_65' title='bbox 1070 1080 1160 1144; x_wconf 89' lang='lat' dir='ltr'>Mare</span> <span class='ocrx_word' id='word_1_66' title='bbox 1179 1101 1215 1144; x_wconf 93' lang='lat' dir='ltr'>eo</span> <span class='ocrx_word' id='word_1_67' title='bbox 1231 1096 1286 1144; x_wconf 87' lang='lat' dir='ltr'>eru·</span> 
     </span>
     <span class='ocr_line' id='line_1_9' title="bbox 132 1185 1285 1267; baseline 0 -18"><span class='ocrx_word' id='word_1_68' title='bbox 132 1190 244 1250; x_wconf 89' lang='lat' dir='ltr'>entum</span> <span class='ocrx_word' id='word_1_69' title='bbox 272 1186 326 1263; x_wconf 82' lang='lat' dir='ltr'>sit,</span> <span class='ocrx_word' id='word_1_70' title='bbox 357 1187 444 1267; x_wconf 90' lang='lat' dir='ltr'>quod</span> <span class='ocrx_word' id='word_1_71' title='bbox 474 1189 572 1266; x_wconf 88' lang='lat' dir='ltr'>caput</span> <span class='ocrx_word' id='word_1_72' title='bbox 602 1187 814 1266; x_wconf 82' lang='lat' dir='ltr'>sanguineum</span> <span class='ocrx_word' id='word_1_73' title='bbox 841 1186 873 1249; x_wconf 95' lang='lat' dir='ltr'>in</span> <span class='ocrx_word' id='word_1_74' title='bbox 903 1186 981 1249; x_wconf 92' lang='lat' dir='ltr'>illud</span> <span class='ocrx_word' id='word_1_75' title='bbox 1009 1187 1103 1250; x_wconf 87' lang='lat' dir='ltr'>cadit.</span> <span class='ocrx_word' id='word_1_76' title='bbox 1158 1187 1199 1250; x_wconf 90' lang='lat' dir='ltr'>ib.</span> <span class='ocrx_word' id='word_1_77' title='bbox 1222 1185 1285 1251; x_wconf 72' lang='lat'>352:</span> 
     </span>
     <span class='ocr_line' id='line_1_10' title="bbox 60 1290 1285 1374; baseline -0.001 -18"><span class='ocrx_word' id='word_1_78' title='bbox 60 1360 64 1367; x_wconf 75' lang='grc'>,</span> <span class='ocrx_word' id='word_1_79' title='bbox 133 1294 267 1374; x_wconf 87' lang='lat' dir='ltr'>diraque</span> <span class='ocrx_word' id='word_1_80' title='bbox 296 1293 382 1355; x_wconf 88' lang='lat' dir='ltr'>levat</span> <span class='ocrx_word' id='word_1_81' title='bbox 409 1293 511 1354; x_wconf 89' lang='lat' dir='ltr'>maria</span> <span class='ocrx_word' id='word_1_82' title='bbox 538 1292 642 1355; x_wconf 86' lang='lat' dir='ltr'>ardua</span> <span class='ocrx_word' id='word_1_83' title='bbox 670 1292 794 1371; x_wconf 82' lang='lat' dir='ltr'>lingua,</span> <span class='ocrx_word' id='word_1_84' title='bbox 832 1293 850 1354; x_wconf 93' lang='lat' dir='ltr'>i.</span> <span class='ocrx_word' id='word_1_85' title='bbox 873 1313 900 1354; x_wconf 88' lang='lat' dir='ltr'>e.</span> <span class='ocrx_word' id='word_1_86' title='bbox 922 1296 958 1355; x_wconf 89' lang='lat' dir='ltr'>ut</span> <span class='ocrx_word' id='word_1_87' title='bbox 978 1293 1081 1356; x_wconf 88' lang='lat' dir='ltr'>ardua</span> <span class='ocrx_word' id='word_1_88' title='bbox 1111 1294 1175 1356; x_wconf 90' lang='lat' dir='ltr'>sint</span> <span class='ocrx_word' id='word_1_89' title='bbox 1200 1290 1285 1357; x_wconf 84' lang='lat' dir='ltr'>veliu</span> 
     </span>
     <span class='ocr_line' id='line_1_11' title="bbox 132 1383 1286 1479; baseline -0.001 -16"><span class='ocrx_word' id='word_1_90' title='bbox 132 1401 220 1463; x_wconf 86' lang='lat' dir='ltr'>altos</span> <span class='ocrx_word' id='word_1_91' title='bbox 251 1383 368 1463; x_wconf 86' lang='lat' dir='ltr'>lluetus¹</span> <span class='ocrx_word' id='word_1_92' title='bbox 389 1398 560 1477; x_wconf 81' lang='lat' dir='ltr'>erigantur.</span> <span class='ocrx_word' id='word_1_93' title='bbox 602 1397 814 1460; x_wconf 88' lang='lat' dir='ltr'>Baehrensius</span> <span class='ocrx_word' id='word_1_94' title='bbox 843 1399 1004 1479; x_wconf 84' lang='lat' dir='ltr'>prolepsin</span> <span class='ocrx_word' id='word_1_95' title='bbox 1036 1402 1131 1479; x_wconf 88' lang='lat' dir='ltr'>putat</span> <span class='ocrx_word' id='word_1_96' title='bbox 1158 1394 1286 1473; x_wconf 75' lang='lat' dir='ltr'>esselil.</span> 
     </span>
     <span class='ocr_line' id='line_1_12' title="bbox 137 1502 1284 1588; baseline -0.003 -18"><span class='ocrx_word' id='word_1_97' title='bbox 137 1506 196 1570; x_wconf 87' lang='grc'>136</span> <span class='ocrx_word' id='word_1_98' title='bbox 212 1527 278 1588; x_wconf 92' lang='lat' dir='ltr'>sq.:</span> <span class='ocrx_word' id='word_1_99' title='bbox 298 1506 360 1568; x_wconf 93' lang='lat' dir='ltr'>ruit</span> <span class='ocrx_word' id='word_1_100' title='bbox 379 1505 429 1567; x_wconf 90' lang='lat' dir='ltr'>ille</span> <span class='ocrx_word' id='word_1_101' title='bbox 443 1508 625 1567; x_wconf 77' lang='lat' dir='ltr'>comantem</span> <span class='ocrx_word' id='word_1_102' title='bbox 646 1523 701 1567; x_wconf 90' lang='lat' dir='ltr'>ore</span> <span class='ocrx_word' id='word_1_103' title='bbox 723 1503 825 1566; x_wconf 84' lang='lat' dir='ltr'>lacem</span> <span class='ocrx_word' id='word_1_104' title='bbox 847 1523 945 1585; x_wconf 89' lang='lat' dir='ltr'>supra</span> <span class='ocrx_word' id='word_1_105' title='bbox 965 1504 1134 1586; x_wconf 88' lang='lat' dir='ltr'>maiorque</span> <span class='ocrx_word' id='word_1_106' title='bbox 1155 1502 1284 1588; x_wconf 78' lang='lat' dir='ltr'>apparui</span> 
     </span>
     <span class='ocr_line' id='line_1_13' title="bbox 131 1600 1291 1695; baseline 0.001 -19"><span class='ocrx_word' id='word_1_107' title='bbox 131 1614 219 1694; x_wconf 81' lang='lat' dir='ltr'>ignis.</span> <span class='ocrx_word' id='word_1_108' title='bbox 266 1611 480 1675; x_wconf 73' lang='lat' dir='ltr'>»domantiv</span> <span class='ocrx_word' id='word_1_109' title='bbox 507 1611 631 1692; x_wconf 88' lang='lat' dir='ltr'>inepte,</span> <span class='ocrx_word' id='word_1_110' title='bbox 653 1611 764 1691; x_wconf 89' lang='lat' dir='ltr'>inquit.</span> <span class='ocrx_word' id='word_1_111' title='bbox 822 1609 940 1675; x_wconf 82' lang='lat' dir='ltr'>Credas</span> <span class='ocrx_word' id='word_1_112' title='bbox 961 1610 1140 1674; x_wconf 80' lang='lat' dir='ltr'>silvestrem</span> <span class='ocrx_word' id='word_1_113' title='bbox 1169 1600 1291 1695; x_wconf 61' lang='lat' dir='ltr'>aliquem]</span> 
     </span>
     <span class='ocr_line' id='line_1_14' title="bbox 132 1716 1283 1799; baseline -0.003 -18"><span class='ocrx_word' id='word_1_114' title='bbox 132 1719 295 1783; x_wconf 85' lang='lat' dir='ltr'>hominem</span> <span class='ocrx_word' id='word_1_115' title='bbox 317 1718 434 1780; x_wconf 89' lang='lat' dir='ltr'>videre.</span> <span class='ocrx_word' id='word_1_116' title='bbox 474 1717 539 1780; x_wconf 80' lang='lat' dir='ltr'>Fax</span> <span class='ocrx_word' id='word_1_117' title='bbox 561 1736 693 1798; x_wconf 88' lang='lat' dir='ltr'>corpore</span> <span class='ocrx_word' id='word_1_118' title='bbox 716 1716 902 1799; x_wconf 85' lang='lat' dir='ltr'>superlapsu</span> <span class='ocrx_word' id='word_1_119' title='bbox 923 1736 1031 1781; x_wconf 85' lang='lat' dir='ltr'>comas</span> <span class='ocrx_word' id='word_1_120' title='bbox 1052 1719 1201 1799; x_wconf 70' lang='lat' dir='ltr'>spargit«</span> <span class='ocrx_word' id='word_1_121' title='bbox 1236 1717 1283 1798; x_wconf 67' lang='lat' dir='ltr'>ligo</span> 
     </span>
     <span class='ocr_line' id='line_1_15' title="bbox 135 1823 1283 1906; baseline -0.001 -19"><span class='ocrx_word' id='word_1_122' title='bbox 135 1829 214 1906; x_wconf 88' lang='lat' dir='ltr'>puto</span> <span class='ocrx_word' id='word_1_123' title='bbox 237 1824 277 1900; x_wconf 89' lang='lat' dir='ltr'>id,</span> <span class='ocrx_word' id='word_1_124' title='bbox 302 1824 388 1904; x_wconf 91' lang='lat' dir='ltr'>quod</span> <span class='ocrx_word' id='word_1_125' title='bbox 409 1824 582 1886; x_wconf 80' lang='lat' dir='ltr'>Vaticanus</span> <span class='ocrx_word' id='word_1_126' title='bbox 603 1824 745 1903; x_wconf 86' lang='lat' dir='ltr'>praebet,</span> <span class='ocrx_word' id='word_1_127' title='bbox 767 1823 1000 1886; x_wconf 87' lang='lat' dir='ltr'>restituendum</span> <span class='ocrx_word' id='word_1_128' title='bbox 1023 1843 1107 1902; x_wconf 87' lang='lat' dir='ltr'>esse,</span> <span class='ocrx_word' id='word_1_129' title='bbox 1137 1845 1212 1888; x_wconf 87' lang='lat' dir='ltr'>oum</span> <span class='ocrx_word' id='word_1_130' title='bbox 1231 1840 1283 1888; x_wconf 87' lang='lat' dir='ltr'>sen·</span> 
     </span>
     <span class='ocr_line' id='line_1_16' title="bbox 136 1928 1284 2011; baseline 0.001 -18"><span class='ocrx_word' id='word_1_131' title='bbox 136 1931 235 1993; x_wconf 87' lang='lat' dir='ltr'>tentia</span> <span class='ocrx_word' id='word_1_132' title='bbox 248 1930 307 1993; x_wconf 88' lang='lat' dir='ltr'>loci</span> <span class='ocrx_word' id='word_1_133' title='bbox 318 1929 397 1992; x_wconf 83' lang='lat' dir='ltr'>hae&#39;c</span> <span class='ocrx_word' id='word_1_134' title='bbox 409 1929 465 1991; x_wconf 89' lang='lat' dir='ltr'>sit:</span> <span class='ocrx_word' id='word_1_135' title='bbox 485 1929 597 1992; x_wconf 87' lang='lat' dir='ltr'>Incidit</span> <span class='ocrx_word' id='word_1_136' title='bbox 620 1928 669 1992; x_wconf 93' lang='lat' dir='ltr'>ille</span> <span class='ocrx_word' id='word_1_137' title='bbox 680 1928 834 1992; x_wconf 83' lang='lat' dir='ltr'>barbatus</span> <span class='ocrx_word' id='word_1_138' title='bbox 845 1929 878 1992; x_wconf 92' lang='lat' dir='ltr'>in</span> <span class='ocrx_word' id='word_1_139' title='bbox 890 1929 1003 2007; x_wconf 87' lang='lat' dir='ltr'>facem,</span> <span class='ocrx_word' id='word_1_140' title='bbox 1026 1933 1058 1993; x_wconf 88' lang='lat' dir='ltr'>et</span> <span class='ocrx_word' id='word_1_141' title='bbox 1076 1931 1157 2011; x_wconf 83' lang='lat' dir='ltr'>ignis</span> <span class='ocrx_word' id='word_1_142' title='bbox 1168 1931 1284 1994; x_wconf 76' lang='lat' dir='ltr'>bahan</span> 
     </span>
     <span class='ocr_line' id='line_1_17' title="bbox 137 2035 1285 2118; baseline -0.004 -18"><span class='ocrx_word' id='word_1_143' title='bbox 137 2035 382 2118; x_wconf 86' lang='lat' dir='ltr'>apprehendens</span> <span class='ocrx_word' id='word_1_144' title='bbox 410 2035 511 2098; x_wconf 90' lang='lat' dir='ltr'>maior</span> <span class='ocrx_word' id='word_1_145' title='bbox 541 2036 700 2116; x_wconf 85' lang='lat' dir='ltr'>apparuit.</span> <span class='ocrx_word' id='word_1_146' title='bbox 739 2035 855 2098; x_wconf 85' lang='lat' dir='ltr'>Similis</span> <span class='ocrx_word' id='word_1_147' title='bbox 878 2036 1004 2116; x_wconf 78' lang='lat' dir='ltr'>Vergilii</span> <span class='ocrx_word' id='word_1_148' title='bbox 1029 2036 1120 2100; x_wconf 86' lang='lat' dir='ltr'>locus</span> <span class='ocrx_word' id='word_1_149' title='bbox 1142 2037 1285 2102; x_wconf 85' lang='lat' dir='ltr'>invenitur</span> 
     </span>
     <span class='ocr_line' id='line_1_18' title="bbox 131 2128 1294 2226; baseline -0.002 -20"><span class='ocrx_word' id='word_1_150' title='bbox 131 2143 211 2207; x_wconf 85' lang='lat' dir='ltr'>Aen.</span> <span class='ocrx_word' id='word_1_151' title='bbox 234 2142 300 2218; x_wconf 86' lang='lat' dir='ltr'>XII,</span> <span class='ocrx_word' id='word_1_152' title='bbox 314 2142 374 2204; x_wconf 88' lang='grc'>300</span> <span class='ocrx_word' id='word_1_153' title='bbox 393 2161 457 2222; x_wconf 90' lang='lat' dir='ltr'>sq.:</span> <span class='ocrx_word' id='word_1_154' title='bbox 480 2128 617 2222; x_wconf 86' lang='lat' dir='ltr'>occupat</span> <span class='ocrx_word' id='word_1_155' title='bbox 633 2161 668 2226; x_wconf 88' lang='lat' dir='ltr'>os</span> <span class='ocrx_word' id='word_1_156' title='bbox 683 2142 850 2225; x_wconf 51' lang='lat' dir='ltr'>flammise</span> <span class='ocrx_word' id='word_1_157' title='bbox 861 2142 913 2204; x_wconf 93' lang='lat' dir='ltr'>olli</span> <span class='ocrx_word' id='word_1_158' title='bbox 934 2143 1045 2223; x_wconf 81' lang='lat' dir='ltr'>ingens</span> <span class='ocrx_word' id='word_1_159' title='bbox 1068 2141 1169 2206; x_wconf 85' lang='lat' dir='ltr'>barba</span> <span class='ocrx_word' id='word_1_160' title='bbox 1187 2136 1294 2208; x_wconf 73' lang='lat' dir='ltr'>reluxit</span> 
     </span>
     <span class='ocr_line' id='line_1_19' title="bbox 132 2247 1298 2332; baseline -0.003 -20"><span class='ocrx_word' id='word_1_161' title='bbox 132 2250 342 2329; x_wconf 86' lang='lat' dir='ltr'>nidoremque</span> <span class='ocrx_word' id='word_1_162' title='bbox 364 2247 514 2309; x_wconf 90' lang='lat' dir='ltr'>ambusta</span> <span class='ocrx_word' id='word_1_163' title='bbox 536 2247 636 2310; x_wconf 85' lang='lat' dir='ltr'>dedit.¹</span> <span class='ocrx_word' id='word_1_164' title='bbox 669 2248 859 2329; x_wconf 81' lang='lat' dir='ltr'>Exemplum</span> <span class='ocrx_word' id='word_1_165' title='bbox 880 2248 1041 2329; x_wconf 82' lang='lat' dir='ltr'>singulare</span> <span class='ocrx_word' id='word_1_166' title='bbox 1062 2249 1218 2332; x_wconf 89' lang='lat' dir='ltr'>prolepsis</span> <span class='ocrx_word' id='word_1_167' title='bbox 1238 2250 1298 2315; x_wconf 78' lang='lat' dir='ltr'>hoc</span> 
     </span>
     <span class='ocr_line' id='line_1_20' title="bbox 88 2353 1301 2441; baseline 0.001 -22"><span class='ocrx_word' id='word_1_168' title='bbox 88 2433 92 2441; x_wconf 92' lang='lat'>.</span> <span class='ocrx_word' id='word_1_169' title='bbox 130 2356 199 2419; x_wconf 90' lang='lat' dir='ltr'>loco</span> <span class='ocrx_word' id='word_1_170' title='bbox 222 2353 424 2435; x_wconf 83' lang='lat' dir='ltr'>afferendum</span> <span class='ocrx_word' id='word_1_171' title='bbox 446 2357 493 2415; x_wconf 92' lang='lat' dir='ltr'>est</span> <span class='ocrx_word' id='word_1_172' title='bbox 515 2354 602 2434; x_wconf 90' lang='lat' dir='ltr'>quod</span> <span class='ocrx_word' id='word_1_173' title='bbox 621 2354 780 2417; x_wconf 88' lang='lat' dir='ltr'>invenitur</span> <span class='ocrx_word' id='word_1_174' title='bbox 802 2354 853 2431; x_wconf 85' lang='lat' dir='ltr'>IV,</span> <span class='ocrx_word' id='word_1_175' title='bbox 875 2354 937 2418; x_wconf 66' lang='lat'>7924</span> <span class='ocrx_word' id='word_1_176' title='bbox 955 2375 1021 2438; x_wconf 85' lang='lat' dir='ltr'>sq.:</span> <span class='ocrx_word' id='word_1_177' title='bbox 1044 2359 1146 2438; x_wconf 90' lang='lat' dir='ltr'>utque</span> <span class='ocrx_word' id='word_1_178' title='bbox 1167 2357 1218 2422; x_wconf 89' lang='lat' dir='ltr'>vel</span> <span class='ocrx_word' id='word_1_179' title='bbox 1239 2357 1301 2420; x_wconf 79' lang='lat' dir='ltr'>im·</span> 
     </span>
    </p>
   </div>
   <div class='ocr_carea' id='block_1_2' title="bbox 79 2448 1326 2966">
    <p class='ocr_par' dir='ltr' id='par_1_5' title="bbox 79 2448 1300 2869">
     <span class='ocr_line' id='line_1_21' title="bbox 79 2448 1299 2545; baseline 0.004 -22"><span class='ocrx_word' id='word_1_180' title='bbox 79 2500 86 2508; x_wconf 91' lang='lat'><em>·</em></span> <span class='ocrx_word' id='word_1_181' title='bbox 131 2464 236 2524; x_wconf 89' lang='lat' dir='ltr'>motos</span> <span class='ocrx_word' id='word_1_182' title='bbox 259 2448 352 2522; x_wconf 86' lang='lat' dir='ltr'>ursae</span> <span class='ocrx_word' id='word_1_183' title='bbox 373 2460 458 2540; x_wconf 84' lang='lat' dir='ltr'>rigor</span> <span class='ocrx_word' id='word_1_184' title='bbox 480 2459 601 2522; x_wconf 86' lang='lat' dir='ltr'>invenit</span> <span class='ocrx_word' id='word_1_185' title='bbox 625 2479 737 2523; x_wconf 84' lang='lat' dir='ltr'>amnes</span> <span class='ocrx_word' id='word_1_186' title='bbox 756 2461 806 2523; x_wconf 90' lang='lat' dir='ltr'>vel</span> <span class='ocrx_word' id='word_1_187' title='bbox 828 2461 912 2525; x_wconf 83' lang='lat' dir='ltr'>ireta‘</span> <span class='ocrx_word' id='word_1_188' title='bbox 931 2480 1024 2525; x_wconf 87' lang='lat' dir='ltr'>versa</span> <span class='ocrx_word' id='word_1_189' title='bbox 1044 2462 1144 2526; x_wconf 88' lang='lat' dir='ltr'>vadis.</span> <span class='ocrx_word' id='word_1_190' title='bbox 1187 2463 1299 2545; x_wconf 75' lang='lat' dir='ltr'>Frigus</span> 
     </span>
     <span class='ocr_line' id='line_1_22' title="bbox 130 2560 1300 2649; baseline 0.003 -19"><span class='ocrx_word' id='word_1_191' title='bbox 130 2567 377 2648; x_wconf 89' lang='lat' dir='ltr'>septentrionale</span> <span class='ocrx_word' id='word_1_192' title='bbox 407 2567 539 2648; x_wconf 85' lang='lat' dir='ltr'>glaciem</span> <span class='ocrx_word' id='word_1_193' title='bbox 561 2571 592 2630; x_wconf 89' lang='lat' dir='ltr'>et</span> <span class='ocrx_word' id='word_1_194' title='bbox 614 2569 819 2649; x_wconf 87' lang='lat' dir='ltr'>tempestates</span> <span class='ocrx_word' id='word_1_195' title='bbox 848 2588 913 2633; x_wconf 94' lang='lat' dir='ltr'>non</span> <span class='ocrx_word' id='word_1_196' title='bbox 941 2569 1076 2646; x_wconf 87' lang='lat' dir='ltr'>invenit,</span> <span class='ocrx_word' id='word_1_197' title='bbox 1108 2570 1165 2634; x_wconf 91' lang='lat' dir='ltr'>sed</span> <span class='ocrx_word' id='word_1_198' title='bbox 1196 2560 1300 2636; x_wconf 76' lang='lat' dir='ltr'>efficit</span> 
     </span>
     <span class='ocr_line' id='line_1_23' title="bbox 129 2667 1294 2754; baseline 0.006 -20"><span class='ocrx_word' id='word_1_199' title='bbox 129 2676 165 2735; x_wconf 90' lang='lat' dir='ltr'>ut</span> <span class='ocrx_word' id='word_1_200' title='bbox 186 2691 298 2735; x_wconf 89' lang='lat' dir='ltr'>amnes</span> <span class='ocrx_word' id='word_1_201' title='bbox 320 2674 419 2754; x_wconf 81' lang='lat' dir='ltr'>glacie</span> <span class='ocrx_word' id='word_1_202' title='bbox 440 2673 598 2736; x_wconf 89' lang='lat' dir='ltr'>durentur</span> <span class='ocrx_word' id='word_1_203' title='bbox 627 2678 658 2737; x_wconf 92' lang='lat' dir='ltr'>et</span> <span class='ocrx_word' id='word_1_204' title='bbox 687 2677 723 2736; x_wconf 93' lang='lat' dir='ltr'>ut</span> <span class='ocrx_word' id='word_1_205' title='bbox 743 2675 845 2737; x_wconf 86' lang='lat' dir='ltr'>maria</span> <span class='ocrx_word' id='word_1_206' title='bbox 866 2675 1017 2739; x_wconf 88' lang='lat' dir='ltr'>fluctibus</span> <span class='ocrx_word' id='word_1_207' title='bbox 1039 2675 1204 2740; x_wconf 91' lang='lat' dir='ltr'>immensis</span> <span class='ocrx_word' id='word_1_208' title='bbox 1233 2667 1294 2754; x_wconf 70' lang='lat' dir='ltr'>agl·</span> 
     </span>
     <span class='ocr_line' id='line_1_24' title="bbox 133 2779 1288 2869; baseline 0.002 -29"><span class='ocrx_word' id='word_1_209' title='bbox 133 2782 251 2855; x_wconf 89' lang='lat' dir='ltr'>tentur‚</span> <span class='ocrx_word' id='word_1_210' title='bbox 273 2783 309 2841; x_wconf 92' lang='lat' dir='ltr'>ut</span> <span class='ocrx_word' id='word_1_211' title='bbox 331 2779 446 2860; x_wconf 80' lang='lat' dir='ltr'>legitur</span> <span class='ocrx_word' id='word_1_212' title='bbox 467 2780 548 2843; x_wconf 88' lang='lat' dir='ltr'>Aen.</span> <span class='ocrx_word' id='word_1_213' title='bbox 565 2780 615 2858; x_wconf 92' lang='grc' dir='ltr'>ΙΙΙ,</span> <span class='ocrx_word' id='word_1_214' title='bbox 633 2781 712 2844; x_wconf 72' lang='grc' dir='ltr'>Ι85ι</span> <span class='ocrx_word' id='word_1_215' title='bbox 736 2784 768 2843; x_wconf 91' lang='lat' dir='ltr'>et</span> <span class='ocrx_word' id='word_1_216' title='bbox 789 2781 928 2869; x_wconf 86' lang='lat' dir='ltr'>glacialis</span> <span class='ocrx_word' id='word_1_217' title='bbox 951 2781 1075 2864; x_wconf 88' lang='lat' dir='ltr'>hiemps</span> <span class='ocrx_word' id='word_1_218' title='bbox 1096 2783 1288 2864; x_wconf 86' lang='lat' dir='ltr'>aquilonibus</span> 
     </span>
    </p>

    <p class='ocr_par' dir='ltr' id='par_1_6' title="bbox 129 2866 1326 2966">
     <span class='ocr_line' id='line_1_25' title="bbox 129 2866 1326 2966; baseline 0 -18"><span class='ocrx_word' id='word_1_219' title='bbox 129 2888 257 2966; x_wconf 84' lang='lat' dir='ltr'>asperat</span> <span class='ocrx_word' id='word_1_220' title='bbox 278 2885 391 2948; x_wconf 89' lang='lat' dir='ltr'>undas.</span> <span class='ocrx_word' id='word_1_221' title='bbox 814 2867 817 2878; x_wconf 48' lang='lat'>⁸</span> <span class='ocrx_word' id='word_1_222' title='bbox 1323 2866 1326 2891; x_wconf 64' lang='lat'><strong>²</strong></span> 
     </span>
    </p>
   </div>
   <div class='ocr_carea' id='block_1_3' title="bbox 120 3087 1294 4023">
    <p class='ocr_par' dir='ltr' id='par_1_7' title="bbox 120 3087 1294 4023">
     <span class='ocr_line' id='line_1_26' title="bbox 206 3087 1287 3174; baseline 0.005 -23"><span class='ocrx_word' id='word_1_223' title='bbox 206 3087 294 3151; x_wconf 88' lang='lat' dir='ltr'>Haec</span> <span class='ocrx_word' id='word_1_224' title='bbox 325 3087 442 3164; x_wconf 88' lang='lat' dir='ltr'>habui,</span> <span class='ocrx_word' id='word_1_225' title='bbox 475 3107 559 3169; x_wconf 86' lang='lat' dir='ltr'>quae</span> <span class='ocrx_word' id='word_1_226' title='bbox 589 3089 629 3151; x_wconf 91' lang='lat' dir='ltr'>de</span> <span class='ocrx_word' id='word_1_227' title='bbox 659 3089 775 3153; x_wconf 90' lang='lat' dir='ltr'>Valerii</span> <span class='ocrx_word' id='word_1_228' title='bbox 807 3092 907 3172; x_wconf 89' lang='lat' dir='ltr'>tropis</span> <span class='ocrx_word' id='word_1_229' title='bbox 939 3095 971 3155; x_wconf 93' lang='lat' dir='ltr'>et</span> <span class='ocrx_word' id='word_1_230' title='bbox 999 3092 1109 3174; x_wconf 82' lang='lat' dir='ltr'>figuris</span> <span class='ocrx_word' id='word_1_231' title='bbox 1145 3092 1287 3158; x_wconf 89' lang='lat' dir='ltr'>dicerem</span> 
     </span>
     <span class='ocr_line' id='line_1_27' title="bbox 125 3194 1290 3280; baseline 0.006 -23"><span class='ocrx_word' id='word_1_232' title='bbox 125 3194 244 3258; x_wconf 89' lang='lat' dir='ltr'>Omnes</span> <span class='ocrx_word' id='word_1_233' title='bbox 264 3194 331 3257; x_wconf 91' lang='lat' dir='ltr'>eius</span> <span class='ocrx_word' id='word_1_234' title='bbox 353 3195 565 3276; x_wconf 87' lang='lat' dir='ltr'>proprietates</span> <span class='ocrx_word' id='word_1_235' title='bbox 587 3195 683 3258; x_wconf 90' lang='lat' dir='ltr'>huius</span> <span class='ocrx_word' id='word_1_236' title='bbox 704 3196 749 3259; x_wconf 92' lang='lat' dir='ltr'>rei</span> <span class='ocrx_word' id='word_1_237' title='bbox 771 3197 913 3260; x_wconf 86' lang='lat' dir='ltr'>funditus</span> <span class='ocrx_word' id='word_1_238' title='bbox 934 3198 1087 3280; x_wconf 82' lang='lat' dir='ltr'>indagare</span> <span class='ocrx_word' id='word_1_239' title='bbox 1109 3201 1141 3263; x_wconf 91' lang='lat' dir='ltr'>et</span> <span class='ocrx_word' id='word_1_240' title='bbox 1162 3219 1290 3263; x_wconf 89' lang='lat' dir='ltr'>enume-</span> 
     </span>
     <span class='ocr_line' id='line_1_28' title="bbox 124 3302 1291 3388; baseline 0.006 -24"><span class='ocrx_word' id='word_1_241' title='bbox 124 3321 197 3365; x_wconf 87' lang='lat' dir='ltr'>rare</span> <span class='ocrx_word' id='word_1_242' title='bbox 226 3321 286 3366; x_wconf 91' lang='lat' dir='ltr'>nec</span> <span class='ocrx_word' id='word_1_243' title='bbox 306 3302 391 3365; x_wconf 88' lang='lat' dir='ltr'>volui</span> <span class='ocrx_word' id='word_1_244' title='bbox 419 3321 479 3365; x_wconf 91' lang='lat' dir='ltr'>nec</span> <span class='ocrx_word' id='word_1_245' title='bbox 503 3303 610 3384; x_wconf 90' lang='lat' dir='ltr'>potui,</span> <span class='ocrx_word' id='word_1_246' title='bbox 641 3322 715 3367; x_wconf 86' lang='lat' dir='ltr'>curn</span> <span class='ocrx_word' id='word_1_247' title='bbox 746 3305 899 3386; x_wconf 90' lang='lat' dir='ltr'>temporis</span> <span class='ocrx_word' id='word_1_248' title='bbox 930 3305 1084 3385; x_wconf 83' lang='lat' dir='ltr'>angustiis</span> <span class='ocrx_word' id='word_1_249' title='bbox 1112 3307 1291 3388; x_wconf 85' lang='lat' dir='ltr'>impedirer.</span> 
     </span>
     <span class='ocr_line' id='line_1_29' title="bbox 124 3408 1293 3489; baseline 0.007 -18"><span class='ocrx_word' id='word_1_250' title='bbox 124 3408 240 3489; x_wconf 83' lang='lat' dir='ltr'>Magno</span> <span class='ocrx_word' id='word_1_251' title='bbox 267 3412 377 3471; x_wconf 89' lang='lat' dir='ltr'>autem</span> <span class='ocrx_word' id='word_1_252' title='bbox 399 3409 515 3488; x_wconf 79' lang='lat' dir='ltr'>gaudio</span> <span class='ocrx_word' id='word_1_253' title='bbox 538 3410 676 3487; x_wconf 84' lang='lat' dir='ltr'>afficiar,</span> <span class='ocrx_word' id='word_1_254' title='bbox 706 3411 732 3473; x_wconf 89' lang='lat' dir='ltr'>si</span> <span class='ocrx_word' id='word_1_255' title='bbox 762 3411 990 3474; x_wconf 87' lang='lat' dir='ltr'>commentatio</span> <span class='ocrx_word' id='word_1_256' title='bbox 1018 3431 1092 3474; x_wconf 85' lang='lat' dir='ltr'>mea</span> <span class='ocrx_word' id='word_1_257' title='bbox 1114 3412 1156 3477; x_wconf 87' lang='lat' dir='ltr'>ad</span> <span class='ocrx_word' id='word_1_258' title='bbox 1178 3412 1293 3479; x_wconf 88' lang='lat' dir='ltr'>Valerii</span> 
     </span>
     <span class='ocr_line' id='line_1_30' title="bbox 123 3515 1294 3598; baseline 0.007 -22"><span class='ocrx_word' id='word_1_259' title='bbox 123 3515 333 3595; x_wconf 87' lang='lat' dir='ltr'>proprietates</span> <span class='ocrx_word' id='word_1_260' title='bbox 362 3516 599 3595; x_wconf 86' lang='lat' dir='ltr'>cognoscendas</span> <span class='ocrx_word' id='word_1_261' title='bbox 625 3517 793 3598; x_wconf 87' lang='lat' dir='ltr'>paululum</span> <span class='ocrx_word' id='word_1_262' title='bbox 821 3517 951 3598; x_wconf 89' lang='lat' dir='ltr'>quidem</span> <span class='ocrx_word' id='word_1_263' title='bbox 979 3517 1130 3598; x_wconf 88' lang='lat' dir='ltr'>proderit.</span> <span class='ocrx_word' id='word_1_264' title='bbox 1173 3517 1207 3582; x_wconf 89' lang='lat' dir='ltr'>Si</span> <span class='ocrx_word' id='word_1_265' title='bbox 1235 3520 1294 3584; x_wconf 88' lang='lat' dir='ltr'>viri</span> 
     </span>
     <span class='ocr_line' id='line_1_31' title="bbox 123 3619 1293 3703; baseline 0.007 -21"><span class='ocrx_word' id='word_1_266' title='bbox 123 3619 223 3696; x_wconf 85' lang='lat' dir='ltr'>docti,</span> <span class='ocrx_word' id='word_1_267' title='bbox 255 3641 353 3702; x_wconf 89' lang='lat' dir='ltr'>penes</span> <span class='ocrx_word' id='word_1_268' title='bbox 387 3641 467 3703; x_wconf 91' lang='lat' dir='ltr'>quos</span> <span class='ocrx_word' id='word_1_269' title='bbox 496 3622 535 3685; x_wconf 90' lang='lat' dir='ltr'>de</span> <span class='ocrx_word' id='word_1_270' title='bbox 565 3622 614 3685; x_wconf 91' lang='lat' dir='ltr'>his</span> <span class='ocrx_word' id='word_1_271' title='bbox 642 3624 738 3687; x_wconf 89' lang='lat' dir='ltr'>rebus</span> <span class='ocrx_word' id='word_1_272' title='bbox 768 3624 921 3687; x_wconf 87' lang='lat' dir='ltr'>iudicium</span> <span class='ocrx_word' id='word_1_273' title='bbox 946 3626 1007 3698; x_wconf 83' lang='lat' dir='ltr'>est,</span> <span class='ocrx_word' id='word_1_274' title='bbox 1027 3644 1080 3687; x_wconf 89' lang='lat' dir='ltr'>me</span> <span class='ocrx_word' id='word_1_275' title='bbox 1105 3644 1171 3688; x_wconf 91' lang='lat' dir='ltr'>non</span> <span class='ocrx_word' id='word_1_276' title='bbox 1196 3645 1293 3690; x_wconf 92' lang='lat' dir='ltr'>omne</span> 
     </span>
     <span class='ocr_line' id='line_1_32' title="bbox 122 3728 1293 3815; baseline 0.009 -27"><span class='ocrx_word' id='word_1_277' title='bbox 122 3729 249 3806; x_wconf 90' lang='lat' dir='ltr'>tempus</span> <span class='ocrx_word' id='word_1_278' title='bbox 277 3747 472 3808; x_wconf 89' lang='lat' dir='ltr'>operamque</span> <span class='ocrx_word' id='word_1_279' title='bbox 501 3732 602 3790; x_wconf 86' lang='lat' dir='ltr'>totam</span> <span class='ocrx_word' id='word_1_280' title='bbox 628 3728 801 3809; x_wconf 92' lang='lat' dir='ltr'>perdidisse</span> <span class='ocrx_word' id='word_1_281' title='bbox 827 3730 1030 3807; x_wconf 84' lang='lat' dir='ltr'>iudicabunt,</span> <span class='ocrx_word' id='word_1_282' title='bbox 1059 3730 1120 3794; x_wconf 85' lang='lat' dir='ltr'>alio</span> <span class='ocrx_word' id='word_1_283' title='bbox 1147 3735 1293 3815; x_wconf 90' lang='lat' dir='ltr'>tempore</span> 
     </span>
     <span class='ocr_line' id='line_1_33' title="bbox 122 3832 1291 3919; baseline 0.009 -24"><span class='ocrx_word' id='word_1_284' title='bbox 122 3832 200 3895; x_wconf 87' lang='lat' dir='ltr'>alias</span> <span class='ocrx_word' id='word_1_285' title='bbox 223 3834 440 3913; x_wconf 87' lang='lat' dir='ltr'>quaestiones,</span> <span class='ocrx_word' id='word_1_286' title='bbox 471 3852 554 3913; x_wconf 89' lang='lat' dir='ltr'>quae</span> <span class='ocrx_word' id='word_1_287' title='bbox 575 3834 617 3895; x_wconf 90' lang='lat' dir='ltr'>ad</span> <span class='ocrx_word' id='word_1_288' title='bbox 641 3833 756 3896; x_wconf 88' lang='lat' dir='ltr'>Valerii</span> <span class='ocrx_word' id='word_1_289' title='bbox 779 3853 880 3915; x_wconf 81' lang='lat' dir='ltr'>genus</span> <span class='ocrx_word' id='word_1_290' title='bbox 902 3835 1027 3900; x_wconf 89' lang='lat' dir='ltr'>dicendi</span> <span class='ocrx_word' id='word_1_291' title='bbox 1052 3840 1213 3919; x_wconf 82' lang='lat' dir='ltr'>spectant,</span> <span class='ocrx_word' id='word_1_292' title='bbox 1236 3860 1291 3906; x_wconf 90' lang='lat' dir='ltr'>me</span> 
     </span>
     <span class='ocr_line' id='line_1_34' title="bbox 120 3941 547 4023; baseline 0.002 -22"><span class='ocrx_word' id='word_1_293' title='bbox 120 3941 333 4004; x_wconf 85' lang='lat' dir='ltr'>tractaturum</span> <span class='ocrx_word' id='word_1_294' title='bbox 356 3959 424 4005; x_wconf 87' lang='lat' dir='ltr'>esse</span> <span class='ocrx_word' id='word_1_295' title='bbox 447 3958 547 4023; x_wconf 87' lang='lat' dir='ltr'>spero.</span> 
     </span>
    </p>
   </div>
   <div class='ocr_carea' id='block_1_4' title="bbox 605 4069 799 4083">
    <p class='ocr_par' dir='ltr' id='par_1_8' title="bbox 605 4069 799 4083">
     <span class='ocr_line' id='line_1_35' title="bbox 605 4069 799 4083; baseline 0 -5"><span class='ocrx_word' id='word_1_296' title='bbox 605 4069 799 4083; x_wconf 75' lang='grc'>,..-,..........-</span> 
     </span>
    </p>
   </div>
   <div class='ocr_carea' id='block_1_5' title="bbox 0 0 1418 4778">
    <p class='ocr_par' dir='ltr' id='par_1_9' title="bbox 0 0 1418 4778">
     <span class='ocr_line' id='line_1_36' title="bbox 0 0 1418 4778; baseline 0 2"><span class='ocrx_word' id='word_1_297' title='bbox 0 0 1418 4778; x_wconf 95' lang='lat' dir='ltr'> </span> 
     </span>
    </p>
   </div>
  </div>
 </body>
</html>
