2828 4778
663 256 704 324 65

101 441 297 518 mitatum,
318 440 350 503 et
370 437 492 503 habent
512 438 678 521 quandam
700 459 739 502 ex
760 439 813 503 illa
832 439 895 503 vitii
918 438 1120 521 similitudine
1139 439 1284 521 gratiam,

101 550 128 619 ,it
151 548 195 612 in
218 547 301 612 estus
321 544 447 610 interim
468 564 543 610 acor
562 532 629 627 ipse
650 546 808 610 iucundus
830 550 886 610 est.
940 546 1034 624 Quod
1054 547 1228 629 continget,
1259 547 1284 610 si

101 673 214 736 reque
247 672 346 736 supra
374 642 507 717 modum
536 652 656 715 multae
687 653 802 716 luerint
830 673 889 717 nee
909 655 1051 717 eiusdem
1079 653 1201 733 generis
1228 656 1284 717 aut

101 763 240 826 unctae
263 761 321 823 aut
341 759 536 841 frequentes,
565 760 639 840 quia
667 749 846 822 satietatem
875 763 909 824 ul
932 762 1068 823 varietas
1088 778 1208 837 rerum,
1240 761 1283 822 ita

101 870 223 932 aritas
246 865 365 946 effugit.

277 1117 317 1162 a.
341 1096 549 1177 Figurae,
573 1116 692 1178 quae
715 1100 963 1163 mutatione
986 1103 1111 1163 fiunt.

544 1280 574 1318 α.
593 1256 642 1322 De
664 1255 853 1322 antimaria.

191 1393 298 1474 Saepe
331 1390 418 1472 apud
452 1389 623 1470 Vergilium
653 1392 692 1452 ‘et
724 1389 802 1452 alios
837 1394 948 1471 poetas
983 1391 1134 1455 orationis
1173 1394 1280 1473 partes

101 1499 225 1567 diversi
253 1499 377 1579 generis
408 1497 490 1560 inter
522 1514 556 1560 se
584 1500 822 1578 permutantur,
860 1501 891 1560 et
922 1497 1002 1560 tales
1031 1498 1281 1579 permutationes

101 1606 244 1672 omnino
264 1624 330 1669 non
352 1604 567 1686 infrequentes
581 1602 704 1667 Valerio
719 1606 803 1666 sunt.
845 1604 953 1668 Pauca
975 1605 1120 1686 exempla
1138 1605 1280 1669 attulisse

101 1715 186 1778 satis
223 1713 291 1776 erit.
358 1713 384 1775 1.
415 1710 616 1774 Adiectivum
651 1731 709 1792 pro
739 1710 889 1774 adverbio
928 1730 995 1774 non
1031 1731 1104 1775 raro
1140 1711 1281 1775 Valerius

101 1821 261 1901 usurpat,
288 1817 370 1894 uti,
395 1818 426 1881 1}
453 1817 556 1899 prima
582 1818 660 1880 ireta
679 1818 804 1897 pervia,
832 1837 905 1902 pro:
934 1817 1083 1898 primum.
1133 1817 1281 1882 Similiter
1354 1888 1357 1892 ,

101 1927 158 2004 ΠΙ,
179 1926 254 2003 490,
276 1924 326 2001 lV,
348 1924 424 2001 670,
447 1924 498 2002 Vl,
518 1925 593 2000 686,
614 1923 650 2000 V,
674 1924 736 1987 350
756 1943 818 2006 sq.:
839 1927 875 1986 ut
894 1924 998 2005 prima
1019 1922 1169 2005 (Colchis)
1192 1924 1280 2001 vidit,

107 2052 185 2116 pro:
216 2034 252 2095 ut
272 2031 421 2113 primum.
442 2030 496 2107 ΙΠ,
524 2030 583 2094 057
605 2050 668 2111 sq.:
701 2049 773 2094 ecce
799 2029 859 2093 levi
889 2031 1007 2112 primos
1037 2031 1101 2095 iam
1131 2050 1280 2114 spargere

103 2139 230 2205 lumine
250 2140 363 2220 portus
386 2140 457 2201 orta
478 2137 554 2215 dies,
574 2156 647 2219 pro:
670 2138 818 2219 primum,
841 2137 981 2200 demum,

192 2245 224 2311 0.
264 2245 466 2311 Adiectivum
486 2263 543 2327 pro
564 2243 763 2308 substantivo
785 2247 831 2307 esl
851 2242 873 2321 Ι,
894 2244 972 2307 838:
994 2243 1143 2308 mortales
1164 2244 1279 2326 pellere

106 2371 211 2429 curaS,
232 2351 250 2414 i.
271 2370 298 2415 e.
320 2351 513 2429 mortalium,
537 2355 573 2416 ut
594 2351 643 2427 IV,
666 2352 721 2415 001
746 2371 812 2433 sq.:
841 2350 986 2415 mortalia
1009 2370 1167 2435 nusquam
1187 2351 1278 2431 signa

105 2460 254 2536 manent,
282 2457 301 2522 i.
323 2478 350 2521 e.
374 2458 541 2521 hominum
563 2459 661 2538 sigua.
701 2457 749 2534 lli,
773 2458 850 2521 312:
891 2458 991 2522 socios
1018 2457 1147 2520 lustrate
1176 2475 1277 2537 rogos

105 2565 125 2629 i.
147 2584 176 2628 e.
199 2564 367 2628 sociorum.

191 2695 221 2758 3.
263 2694 387 2759 Nomen
409 2695 571 2778 proprium
596 2694 666 2758 loco
688 2693 882 2777 pronominis
906 2695 1031 2776 saepius
1057 2694 1194 2776 positum
1220 2697 1277 2771 est,

105 2802 195 2885 quod
214 2801 314 2866 multo
333 2803 460 2884 gravius
480 2802 578 2883 quam
595 2820 773 2884 pronomen
790 2805 846 2864 est.
883 2801 1035 2883 Exempla
1050 2800 1149 2864 habes
1168 2800 1192 2879 Ι,
1204 2801 1274 2878 066,

103 2904 160 2974 ubi
182 2908 334 2986 »Pelea«,
361 2911 393 2972 et
419 2909 460 2972 ib.
483 2907 563 2985 604,
591 2907 646 2972 ubi
670 2909 831 2972 »Borean«
863 2927 921 2991 pro
950 2927 1038 2972 »me«
1069 2908 1188 2971 dictum
1218 2910 1275 2970 est.

103 3012 142 3092 V,
163 3014 228 3078 640
262 3015 389 3097 ponitur
420 3015 552 3079 »Martia
579 3015 715 3097 templa«
748 3035 806 3097 pro
838 3035 928 3080 >tinea
954 3016 1110 3099 templa«,
1143 3015 1185 3079 ib.
1213 3013 1275 3075 560

103 3120 251 3186 ›Pallas‹
273 3140 333 3204 pro
358 3142 466 3204 »ego«.

509 3321 512 3333 ·
561 3304 593 3382 β.
637 3299 823 3383 Euallages

102 3429 263 3513 exempla,
284 3431 399 3514 quibus
413 3431 552 3496 varietas
570 3435 714 3512 augetur,
736 3432 832 3496 etiam
848 3429 934 3512 apud
955 3427 1108 3511 pedestris
1124 3426 1275 3490 orationis

102 3540 274 3621 sen'ptores
301 3557 368 3602 non
396 3558 501 3620 pauca
530 3541 663 3602 exstant.
708 3537 863 3602 Valerius
882 3538 992 3600 autem
1025 3533 1274 3616 permutationes

102 3645 185 3710 tales
214 3645 247 3709 in
269 3645 421 3710 orationis
440 3645 601 3727 partibus,
630 3644 794 3727 quaesibi
816 3641 1025 3725 respondent,
1054 3638 1147 3704 valde
1176 3643 1274 3716 amat,

103 3754 142 3817 ut
168 3750 272 3816 multo
300 3751 425 3832 saepius
455 3753 487 3815 et
513 3750 665 3814 audacius
693 3770 791 3833 quam
822 3749 989 3832 Vergilius
1023 3746 1112 3810 cuius
1141 3745 1182 3808 de
1215 3764 1275 3809 usu

104 3858 260 3940 Wagneri
282 3857 426 3921 editionis
445 3860 551 3921 tomus
574 3861 709 3940 quartus
730 3857 942 3922 conserendus
954 3857 1010 3931 est,
1032 3852 1116 3917 hanc
1137 3851 1273 3932 figuram

110 3964 267 4029 adhibeat.

1065 4065 1081 4118 5
