2828 4778
800 268 837 333 16

241 443 303 511 Sed
335 445 398 509 iarn
436 444 477 511 ad
513 444 590 511 alias
620 446 839 513 translationes
876 446 951 513 satis
988 447 1126 514 audaces
1163 449 1401 516 enumerandas

240 554 447 616 transeamus.

320 681 508 761 Translatio,
528 702 611 766 quae
631 685 717 767 apud
738 684 898 750 Valerium
920 685 1021 750 solum
1042 684 1215 763 invenitur,
1239 688 1342 750 exstat
1363 686 1398 764 ll,

239 790 259 852 6
278 808 340 871 sq.:
362 787 471 852 Pelion
493 790 675 872 templaque
697 795 851 873 mergunt,
875 791 894 855 i.
910 813 936 856 e.
959 795 1028 874 post
1048 812 1083 856 se
1104 797 1222 857 nautae
1241 793 1285 857 ita
1305 792 1397 857 relin-

240 898 351 977 quunt,
373 898 409 959 ut
431 915 469 959 ex
492 895 587 960 oculis
607 896 776 962 dimittant.
815 897 924 962 Pelion
947 901 978 962 et
997 897 1115 981 templa
1137 900 1167 962 in
1190 918 1279 963 mare
1298 899 1399 981 mergi

238 1003 284 1080 its,
305 1002 358 1084 qui
379 1001 411 1065 in
433 1001 534 1067 altum
554 1003 707 1082 feruntur,
730 1003 886 1068 videntur.
926 1004 961 1082 V,
985 1005 1043 1069 107
1063 1025 1127 1087 sq.:
1148 1005 1213 1070 alta
1232 1004 1400 1069 Carambis

239 1107 369 1186 raditur,
393 1109 411 1172 i.
426 1127 452 1171 e.
476 1109 672 1190 praeteritur.
717 1107 805 1174 ldem
826 1111 872 1174 est
892 1111 972 1175 Aen.
995 1110 1057 1188 Vll,
1083 1112 1138 1175 10:
1165 1111 1311 1193 proxima
1333 1109 1401 1176 Gir-

239 1233 333 1279 caeae
360 1215 517 1279 raduntur
543 1215 634 1280 litora
669 1218 780 1280 terrae.
805 1253 845 1262 -
865 1216 932 1281 Val.
955 1216 991 1296 V,
1014 1217 1093 1282 270:
1123 1238 1212 1301 spem
1232 1220 1400 1296 serentem,

238 1324 387 1388 inusitata
398 1322 536 1405 quidem,
553 1321 607 1386 sed
627 1322 781 1405 exquisita
799 1343 902 1406 neque
916 1323 1089 1389 iniucunda
1103 1324 1276 1402 translatio,
1299 1344 1399 1408 quarn

238 1450 294 1496 cur
312 1428 520 1494 Baehrensius
541 1429 677 1494 codicem
707 1429 732 1494 C
760 1433 792 1494 et
811 1429 999 1495 Sabellicum
1027 1434 1151 1496 secutus
1172 1433 1345 1496 mutaverit
1366 1433 1399 1496 in

237 1539 342 1603 minus
362 1537 487 1617 elegans
509 1534 642 1601 Verbum
665 1538 870 1616 »ferentem«,
900 1539 1030 1602 omnino
1052 1557 1181 1604 causam
1207 1558 1272 1602 non
1295 1538 1398 1602 video.

238 1644 377 1722 vrato:
398 1643 515 1707 Edonis
534 1643 689 1708 nutritum
711 1643 824 1708 missile
839 1646 948 1723 ventio,
971 1645 1027 1709 i.e.
1048 1645 1150 1723 hasta,
1173 1645 1260 1708 cuius
1275 1644 1399 1726 lignum

237 1750 373 1816 ventosis
391 1750 466 1815 locis
487 1751 581 1815 creuit
601 1755 632 1815 et
654 1751 802 1815 duratum
824 1755 878 1814 est.
923 1750 1064 1816 Valerius
1085 1751 1236 1817 hocloco
1257 1751 1401 1816 imitatus

238 1863 285 1924 est
305 1857 399 1923 Hom.
419 1856 452 1920 lt.
473 1856 526 1934 XI,
548 1857 625 1921 256:
645 1855 864 1940 ἀνεμοτρεφὲς
884 1859 979 1937 ἔγχος.
1003 1895 1040 1904 -
1062 1856 1098 1936 V,
1122 1859 1183 1922 578
1203 1860 1268 1940 sq.:
1300 1877 1399 1941 quem

238 1965 360 2031 balteus
378 1964 525 2045 subligat,
546 1964 565 2027 i.
588 1984 614 2028 e.
638 1964 746 2046 cingit,
768 1984 851 2049 quae
872 1964 1056 2046 significatio
1079 1965 1138 2029 nisi
1160 1964 1311 2029 hocloco
1333 1984 1400 2029 non

238 2072 405 2137 invenitur.
445 2070 513 2149 Vll,
545 2071 619 2135 175:
657 2071 726 2154 quis
758 2075 845 2136 mota
872 2072 941 2136 loeo
975 2073 1194 2155 labefactaque
1228 2073 1326 2135 cessit.
1369 2071 1400 2136 A

237 2177 461 2260 gladiatoribus
489 2178 568 2242 haec
597 2176 760 2242 translatio
789 2182 917 2261 sumpta
946 2183 992 2242 est
1019 2179 1167 2262 idemque
1197 2178 1281 2243 valet
1310 2178 1399 2262 quod

240 2285 386 2350 »turbata
406 2284 543 2347 animo«.
576 2283 696 2347 Similes
713 2284 837 2365 Vergilii
858 2285 942 2349 locos
964 2285 1062 2349 habes
1083 2285 1163 2349 Aen.
1179 2285 1241 2363 VH,
1261 2285 1322 2349 332
1333 2305 1399 2368 sq.:

238 2392 410 2458 infractave
435 2389 526 2454 cedat
548 2389 633 2453 fama
652 2388 731 2468 loco,
753 2389 805 2468 lX,
825 2389 901 2453 220:
925 2410 983 2455 nec
1006 2410 1079 2457 mea
1097 2391 1162 2456 iam
1184 2394 1308 2456 mutata
1330 2391 1400 2457 loco

237 2499 393 2563 sententia
423 2497 513 2560 cedit.
542 2531 581 2540 --
609 2494 808 2577 Singularem
838 2495 952 2560 Valerii
984 2497 1221 2562 translationem
1258 2497 1399 2563 invenies

239 2605 301 2684 Vll,
322 2604 400 2668 483:
423 2624 479 2668 cur
501 2603 603 2668 nullos
623 2603 780 2684 stringunt
798 2606 854 2668 tua
874 2604 995 2668 lumina
1016 2605 1116 2669 fletus.
1154 2605 1246 2669 Hanc
1267 2605 1397 2670 locutio·

238 2729 313 2775 nem
339 2711 414 2774 Pius
451 2711 495 2774 sic
522 2709 672 2793 explicat:
708 2709 900 2792 restringunt,
928 2711 1125 2794 exprimunt3
1157 2711 1348 2793 metaphora
1378 2731 1399 2776 a

237 2818 369 2900 spongia
398 2815 549 2895 deducta,
576 2837 659 2899 quae
685 2819 791 2883 stricta
816 2821 848 2882 et
876 2837 1023 2901 expressa
1051 2818 1205 2900 liquorem
1234 2817 1397 2883 exsudat«.

237 2923 301 2987 Viri
322 2922 404 2987 docti
424 2922 624 2986 audaciorem
643 2923 880 2989 translationem
902 2925 968 2989 iure
991 2925 1231 3005 aegreferentes
1252 2925 1305 2988 alii
1320 2925 1398 2989 alias

238 3029 472 3095 emendationes
492 3033 736 3111 proposuerunt,
762 3034 798 3094 ut
819 3030 1040 3095 Schenkelius:
1065 3049 1120 3094 our
1147 3031 1224 3095 nulli
1248 3031 1398 3114 tinguunt

238 3140 260 3201 t.
281 3137 300 3201 l.
323 3137 359 3216 f.,
388 3134 650 3218 Loehbachius¹):
683 3135 785 3200 nullos
813 3136 932 3201 stillant
959 3141 981 3200 t.
1003 3137 1022 3200 l.
1045 3137 1083 3214 f.,
1117 3137 1298 3219 optimeque
1324 3157 1398 3202 mea

237 3243 394 3309 sententia
415 3242 641 3307 Baehrensius:
669 3241 771 3306 nullos
791 3243 930 3307 fundunt
952 3246 973 3307 t.
992 3243 1011 3307 l.
1030 3244 1050 3309 f.
1082 3243 1118 3322 V,
1141 3244 1201 3308 370
1218 3264 1280 3326 sq.:
1302 3243 1399 3309 hebet

238 3353 337 3417 Arcas
365 3354 397 3416 et
425 3350 535 3432 ingens
557 3349 706 3433 luppiter,
734 3350 752 3413 i.
775 3369 800 3414 e.
823 3350 927 3415 minus
954 3351 1097 3435 splendet
1122 3351 1171 3416 vel
1200 3350 1397 3416 obscuratur.

239 3459 324 3538 1‚53
347 3463 378 3523 et
399 3458 465 3535 Vll,
490 3456 564 3520 156:
594 3456 690 3521 hebet
711 3456 814 3520 ardor.
854 3456 903 3535 IV,
924 3457 981 3522 41:
1010 3478 1122 3540 corpus
1150 3456 1244 3520 hebet
1271 3475 1395 3534 somno,

239 3567 319 3631 Aen.
341 3567 378 3644 V,
401 3566 476 3629 396:
497 3565 624 3646 sanguis
645 3565 748 3629 hebet.
772 3599 810 3609 —-
833 3565 899 3628 Val.
921 3565 944 3643 l,
966 3564 1027 3628 262
1046 3584 1109 3646 sq.:
1129 3566 1235 3646 stupet
1257 3563 1288 3625 in
1309 3560 1398 3628 duci-

239 3673 298 3737 bus
317 3690 534 3755 magnumque
555 3674 705 3735 sonantes
726 3671 841 3735 haurit.
885 3670 1020 3734 Achilles
1047 3670 1195 3751 puerulus
1221 3689 1240 3734 a
1260 3667 1399 3733 Chirone

239 3781 400 3860 magistro,
422 3777 621 3844 celeberrimo
644 3777 839 3858 antiquitatis
859 3776 1061 3857 paedagogo,
1084 3777 1115 3839 in
1137 3779 1239 3840 eastra
1262 3774 1396 3853 ducitur,

240 3892 276 3952 ut
298 3889 419 3969 patrem
434 3886 529 3950 Pelea
548 3887 622 3948 ante
646 3883 766 3947 obitum
788 3881 909 3946 salutet.
943 3880 1117 3946 Hauriendi
1129 3881 1216 3946 verbi
1233 3880 1398 3945 translatio

342 4107 359 4175 ¹)
378 4104 492 4158 Studien
513 4125 538 4175 p.
560 4106 599 4161 n.
