2828 4778
248 650 287 697 o.
331 628 542 710 Figurae,
572 649 690 711 quae
714 636 994 701 detractione
1022 630 1153 703 fiunt„¹

207 841 327 926 Tryph.
348 840 461 923 (Walz.
482 840 501 903 l.
521 839 540 906 l.
563 861 592 924 p.
608 841 698 923 7d5lt
730 841 873 933 ἔλλειψίς
891 844 961 908 ἐστι
981 843 1064 920 λέξις
1086 846 1128 909 ov'
1147 849 1229 911 nosci
1247 848 1272 912 m*

125 949 244 1036 πλῆρες
266 949 503 1032 ἐξετηνεγμέτη.
1226 1000 1228 1005 ,

208 1081 242 1146 ln
273 1081 436 1146 sententiis
461 1079 597 1145 breviter
625 1081 928 1165 comprehendendis
957 1081 1087 1147 mirifice
1117 1084 1272 1150 deleclaius

123 1191 170 1256 esi
192 1188 353 1267 Valerius,·
375 1208 440 1273 quo
461 1189 586 1272 saepius
607 1209 725 1272 magna
744 1189 918 1255 obscuritas
939 1191 1055 1269 evadit,
1077 1211 1152 1256 eum
1172 1212 1272 1275 magno

123 1297 283 1362 brevitatis
319 1297 424 1361 studio
458 1297 608 1380 abreptus
645 1297 818 1379 legentibus
857 1297 926 1381 plus
965 1297 1007 1363 ad
1041 1293 1272 1380 intellegendum

125 1404 284 1487 relinquet
304 1423 403 1486 quam
418 1404 566 1468 oratione
584 1404 748 1488 exprimat.

205 1534 252 1599 De
273 1533 370 1618 ellipsi
390 1532 476 1625 verbi
506 1553 574 1599 esse
603 1534 746 1599 conferes
771 1533 974 1622 Schmiizium
999 1534 1019 1598 1.
1045 1535 1064 1599 l.
1085 1556 1117 1618 p.
1140 1535 1273 1621 m-m

125 1642 165 1707 de
186 1641 345 1707 nonnullis
373 1640 448 1706 locis
476 1642 563 1706 brevi
587 1641 637 1706 vel
668 1642 804 1726 abrupio
833 1641 983 1726 loquendi
1009 1662 1123 1724 genere
1149 1643 1275 1708 obscuris

123 1750 165 1813 ib.
187 1770 219 1831 p.
237 1748 369 1812 37-44.
400 1747 492 1843 Thilo
514 1768 641 1830 quoque
662 1747 739 1830 prol.
761 1769 791 1831 p.
802 1747 876 1812 XIX
895 1768 964 1831 sqq.
985 1751 1017 1813 ei
1037 1747 1095 1813 Ph.
1108 1749 1276 1832 Wagnerus
1319 1813 1321 1817 .

125 1855 216 1921 Jahn.
239 1853 355 1951 annqxl.
376 1855 396 1918 l.
417 1849 446 1938 p‘.
466 1855 528 1918 385
547 1874 616 1937 sqq.
638 1854 850 1919 conferantur.

161 2078 163 2082 Α
211 2011 238 2074 1.
280 1973 453 2074 Enuntieli
469 2012 589 2091 parieS,
624 2010 761 2075 maxime
792 2010 969 2075 subiectum
1001 2013 1033 2075 ei
1060 2012 1279 2095 praedicatum,

125 2135 218 2201 saepe
240 2115 471 2182 desiderantur.

188 2280 191 2285 ·
211 2247 394 2313 Subiectum
423 2267 487 2313 non
509 2267 583 2312 raro
609 2267 647 2313 ex
666 2248 717 2327 iis,
739 2268 821 2331 quae
842 2250 983 2332 proxime
1003 2249 1210 2329 antecedunt,
1239 2248 1283 2312 vel

123 2376 163 2422 ex
183 2354 329 2449 uniuerso
350 2374 433 2419 nexu
453 2355 627 2419 sententiae
646 2355 831 2420 addendum
851 2360 907 2435 est,
929 2361 965 2422 ui
985 2356 1091 2434 lim:
1112 2357 1281 2434 inveniunt,

122 2462 237 2527 scilloei
265 2451 347 2527 cloes
376 2461 501 2538 Lemni,
530 2481 604 2526 cum
633 2461 672 2525 sii
704 2481 735 2525 v.
757 2463 814 2526 90:
855 2463 965 2528 Lemni
994 2463 1093 2527 litore.
1135 2463 1186 2542 IV,
1210 2463 1281 2528 me:

124 2570 259 2647 cinxere,
280 2589 322 2633 sc.
345 2569 466 2634 incolae
481 2568 630 2653 Bebrycii
651 2570 749 2651 regni,
772 2571 858 2653 quod
880 2591 909 2635 v.
932 2572 972 2636 99
994 2569 1188 2635 nominatur.
1231 2569 1280 2633 cir.

123 2675 187 2754 Vll,
211 2677 279 2756 179,
300 2677 381 2742 Aen.
404 2676 538 2756 111,2106
560 2679 591 2742 ei
616 2677 682 2742 110.
723 2716 725 2721 .

205 2805 428 2873 Praedicaium
452 2816 491 2875 ex
509 2810 736 2875 sententiarum
759 2809 882 2874 ralione
905 2808 1086 2874 addendum
1108 2807 1158 2873 vel
1181 2828 1220 2873 ex
1239 2808 1280 2884 iis,

125 2933 209 2997 quae
239 2915 381 2996 proxime
409 2910 602 2998 procedunt,
632 2917 839 2999 repetendum
871 2920 925 2980 esi.
973 2914 1069 2981 Cuius
1096 2917 1219 2996 generis
1250 2917 1283 2979 ul

123 3040 226 3105 pauca
244 3019 389 3102 exempla
410 3019 551 3098 afferam,
574 3023 715 3087 conferas
738 3023 760 3100 l,
778 3024 858 3087 578:
888 3011 987 3087 siraia
1008 3021 1110 3100 Ceres,
1133 3025 1283 3114 moluque

122 3129 211 3211 niger
234 3126 294 3194 sub
320 3130 469 3211 praepete
490 3117 623 3210 poniuS,
652 3148 716 3211 quo
738 3129 806 3193 loco
830 3128 950 3193 »lacius
968 3132 1033 3193 esi«
1053 3111 1151 3213 'poeta
1173 3128 1282 3192 omisit.

123 3235 164 3300 ib.
187 3235 264 3300 767:
288 3234 378 3301 ‘talla
404 3239 461 3319 per
481 3225 650 3314 leuinias,
679 3235 733 3301 ubi
757 3234 870 3300 »dixit«
897 3235 987 3301 facile
1011 3234 1147 3317 intellegi
1172 3237 1284 3317 poiesl'.

123 3341 186 3407 Sed
207 3342 282 3407 talia
303 3342 419 3409 usitata
437 3336 521 3408 suut.
565 3330 680 3409 Videes
702 3362 829 3428 quoque
849 3343 871 3422 l,
893 3343 964 3407 355.
1055 3352 1060 3361 “

205 3449 387 3553 Obiecium,
415 3473 440 3538 si
461 3464 638 3556 pronomen
660 3465 720 3554 esi,
748 3461 927 3559 saepissime
949 3474 1034 3557 apud
1056 3475 1166 3556 poetes
1188 3461 1285 3551 deest,

124 3581 160 3644 ui
180 3579 261 3645 Aen.
276 3581 393 3660 11565,
415 3594 546 3646 cumea
569 3581 680 3661 forma,
703 3591 801 3665 quam
824 3581 951 3662 cogitari
971 3599 1098 3644 neeesse
1119 3582 1174 3657 esl,
1200 3580 1287 3644 facile

124 3692 230 3751 menie
252 3688 326 3753 addi
347 3670 459 3770 polest.
474 3687 537 3781 ¹En
557 3688 700 3770 plurimis
719 3689 831 3752 Valerii
853 3687 1000 3767 exemplis
1018 3707 1121 3768 pauca
1139 3685 1286 3751 afferam:

124 3791 159 3871 li,
185 3792 252 3872 194,
273 3797 310 3859 ut
331 3793 393 3875 Vll,
414 3791 483 3871 397,
505 3793 541 3871 Π,
566 3795 634 3872 199,
655 3793 703 3886 Ill,
724 3793 795 3870 435,
817 3793 888 3898 159,
910 3791 959 3869 IV,
982 3792 1021 3855 99
1042 3813 1099 3874 sq,
1120 3792 1191 3856 460.

160 4016 163 4021 ,
189 3947 236 4040 9.
256 3947 490 4031 2Gomporaiio
508 3968 590 4032 quae
621 3945 856 4033 compendiaria
882 3950 1034 4024 vocetur,
1048 3947 1214 4031 ⁴reperitur
1238 3948 1286 4013 his

126 4053 216 4120 locis:
305 4091 308 4096 ·
708 4055 710 4060 ’
