2828 4778
625 268 663 334 13

60 471 132 517 raro
152 450 269 515 similes
289 450 374 515 locos
395 449 540 532 praebet,
571 451 606 512 ut
625 448 737 530 Georg.
758 449 809 528 IV,
831 449 911 514 lor:
939 450 1060 515 medios
1082 469 1156 515 cum
1176 449 1222 514 sol

59 557 241 623 accenderit
268 561 383 621 aestus,
403 593 444 601 —
465 556 532 619 Val.
553 556 601 633 Ill,
623 556 700 620 alu:
728 557 784 621 dat
812 557 911 638 pictas
939 577 1018 621 auro
1040 557 1145 640 adque
1171 577 1223 621 ar-

58 667 170 730 dentes
197 666 315 729 murice
336 668 447 727 vestes.
491 663 588 745 Apud
609 663 780 744 Vergilium
807 663 1028 728 translationes
1054 665 1143 728 verbi
1171 684 1222 728 ar·

58 773 155 836 dendi
174 772 273 835 habes
294 771 374 835 Aen.
396 772 445 847 Ν,
467 772 543 834 ΙὸΙε
565 771 724 853 Tyrioque
745 769 878 836 ardebat
898 772 1017 835 murice
1038 771 1146 850 laena,
1168 773 1220 850 XI,

56 880 136 942 602:
167 880 337 961 campique
364 879 459 941 armis
489 877 674 942 sublimibus
703 878 826 942 ardent.
848 913 885 923 —
909 878 976 941 Val.
995 878 1036 956 V,
1060 880 1135 944 177:
1176 880 1222 944 sol

56 985 187 1068 propius
220 985 408 1049 flammabat
439 1003 548 1067 aquas.
592 983 690 1047 Simili
723 985 819 1048 modo
853 984 966 1066 legitur
999 985 1077 1049 Stat.
1109 986 1220 1050 Achill.

55 1092 79 1170 I,
90 1093 170 1155 um:
194 1091 272 1155 illius
289 1111 379 1154 roseo
396 1091 580 1155 flammatur
598 1109 740 1172 purpura
758 1090 856 1154 vultu.
880 1091 1019 1155 Verbum
1034 1093 1221 1158 flammandi

56 1198 259 1278 singulariter
283 1202 471 1279 usurpatum
502 1200 549 1260 est
574 1196 641 1259 Val.
664 1197 691 1274 l,
716 1197 775 1260 108
796 1217 860 1279 sq.:
891 1197 1029 1262 Arcadio
1055 1199 1221 1265 flammata

58 1324 186 1369 veneno
206 1304 279 1382 tela,
302 1306 320 1367 i.
339 1324 365 1368 e.
392 1308 428 1368 ut
448 1304 474 1368 J.
496 1305 534 1368 A.
554 1305 734 1385 Wagnerus
755 1307 839 1368 recte
860 1305 996 1388 exponit,
1018 1325 1141 1370 veneno
1161 1310 1220 1371 im·

57 1412 153 1488 buta,
182 1414 217 1475 ut
238 1412 384 1474 ardorem
407 1411 440 1473 in
462 1411 549 1473 venis
571 1411 742 1474 excitarent
772 1413 804 1474 et
823 1410 939 1474 vulnus
959 1412 1109 1494 quodque
1129 1413 1221 1478 letale

58 1521 208 1584 iacerent.
243 1517 293 1582 Sic
314 1518 394 1581 Aen.
416 1517 468 1594 IX,
486 1517 562 1581 773:
585 1518 767 1600 ferrumque
787 1537 911 1581 armare
931 1538 1064 1598 veneno,
1086 1520 1126 1598 X,
1148 1521 1220 1584 140:

58 1627 199 1691 calamos
221 1644 345 1689 armare
367 1644 506 1701 veneno,
534 1624 606 1701 XII,
630 1626 707 1688 857:
738 1622 921 1706 (sagittam)
948 1629 1105 1691 armatam
1136 1628 1220 1691 saevi

59 1733 131 1798 telle
152 1733 281 1808 veneni,
303 1731 370 1794 Val.
392 1731 469 1808 Vlll,
492 1731 568 1794 aba:
589 1735 716 1795 armant
734 1732 785 1795 alii
807 1732 883 1815 picis
903 1734 1043 1814 unguine
1064 1734 1219 1798 flammas.

57 1840 99 1903 IV
101 1888 109 1918 ,
121 1840 198 1903 655:
221 1840 386 1903 flammata
399 1838 520 1920 pudore
532 1839 687 1916 iuventuS,
706 1858 769 1921 quo
789 1822 857 1903 loco
871 1840 1058 1904 flammandi
1075 1841 1218 1919 verbum,

58 1946 147 2031 quod
168 1946 293 2029 proprie
322 1947 362 2010 de
386 1947 481 2009 rebus
505 1945 651 2010 inanimis
672 1946 852 2024 adhibetur,
882 1946 1095 2012 inhominem
1117 1952 1220 2013 trans·

56 2055 166 2118 fertur.
209 2053 281 2117 Alia
302 2052 445 2134 exempla
466 2051 561 2116 huius
582 2053 702 2133 generis
723 2056 797 2116 sunt
817 2052 899 2130 Vlll,
921 2054 983 2117 300
1010 2058 1042 2118 et
1070 2055 1149 2119 Aen.
1171 2055 1219 2133 lll,

58 2161 134 2225 330:
155 2161 339 2223 flammatus
362 2178 480 2237 amore,
501 2159 581 2223 Aen.
602 2159 623 2236 l,
640 2160 699 2222 50:
721 2160 888 2224 flammato
910 2161 1013 2238 corde,
1035 2161 1076 2225 ib.
1092 2161 1142 2240 Ν,
1161 2163 1219 2226 54:

58 2268 201 2332 animum
231 2267 407 2331 flammavit
434 2286 557 2344 amore,
596 2267 670 2330 Tac.
693 2266 771 2331 Hist.
801 2248 835 2345 ΙΙ,
859 2267 912 2345 74,
949 2268 998 2345 Ν,
1020 2267 1068 2332 td.
1095 2305 1126 2313 -
1151 2268 1218 2333 Val.

57 2374 93 2452 Π,
117 2375 197 2437 385:
220 2374 347 2437 monitis
369 2393 519 2438 accensus
541 2374 666 2438 amaris
705 2374 761 2452 Ν,
784 2375 857 2438 354:
887 2375 966 2439 luno
988 2395 1120 2440 accensa
1142 2395 1220 2440 cura

56 2482 163 2563 iugali.
208 2480 269 2557 Vll,
290 2480 368 2543 637:
392 2499 542 2544 accensae
563 2480 723 2559 cohorteS,
745 2482 825 2545 Aen.
847 2480 896 2559 IV,
918 2482 995 2545 203:
1018 2502 1145 2546 rumore
1166 2503 1219 2546 ac·

56 2606 171 2654 census
192 2605 312 2663 amaru,
334 2586 373 2663 X,
397 2586 475 2649 368:
496 2587 585 2651 dictis
606 2589 754 2652 virtutem
776 2588 920 2652 accendit
942 2588 1066 2652 amaris·
1089 2623 1129 2634 -
1151 2589 1219 2653 Val.

56 2695 94 2773 V,
116 2694 194 2757 520:
223 2693 308 2757 furiis
328 2693 457 2774 ignescit
479 2695 608 2776 opertu,
636 2695 716 2758 Aen.
739 2694 790 2772 lX,
813 2694 871 2757 ὅθι
899 2695 1065 2775 ignescunt
1085 2696 1159 2760 irae.
1181 2732 1217 2742 -

57 2800 301 2878 Velvinum:
318 2819 410 2863 rosea
430 2800 574 2864 radiante
595 2805 719 2864 natura.
753 2800 872 2864 Eadem
894 2801 1097 2866 translatione
1117 2805 1218 2869 utitur

57 2907 251 2974 Claudianus
278 2906 311 2971 in
338 2908 455 2971 consul.
478 2907 585 2991 Olybr.
608 2911 639 2972 et
660 2908 753 2972 Prob.
779 2908 853 2972 118:
888 2908 1001 2991 placidi
1029 2910 1157 2975 radiant
1186 2911 1218 2974 in

56 3015 177 3080 casside
199 3014 315 3091 vuitus,
337 3017 368 3076 et
390 3014 430 3078 de
450 3014 490 3077 Ν
512 3034 597 3078 cons.
619 3015 738 3079 Honor.
756 3016 838 3097 Aug.
851 3015 927 3080 517:
951 3021 1091 3099 quantus
1112 3017 1144 3081 in
1165 3037 1219 3081 ore

57 3126 150 3206 pater
170 3122 285 3187 radiat.
309 3155 346 3164 —
369 3119 436 3184 Val.
456 3121 511 3199 lll,
539 3123 600 3186 577
623 3143 688 3206 sq.:
724 3126 851 3205 pectora
876 3125 981 3187 nautIs
1004 3123 1151 3205 congelat
1170 3123 1219 3187 hi-

56 3229 147 3293 berni
165 3231 269 3294 vultus
287 3231 376 3295 lovis.
420 3231 506 3296 ldem
529 3235 574 3296 est
596 3231 729 3296 Martial.
752 3233 847 3315 epigr.
871 3233 950 3310 XIV,
974 3234 1049 3297 147:
1076 3236 1216 3317 stragula

57 3339 222 3419 purpureis
249 3338 354 3404 lucent
380 3339 490 3403 villosa
513 3341 643 3429 tapetis:
675 3340 751 3422 quid
782 3339 927 3421 prodest,
955 3341 980 3402 si
1008 3343 1040 3404 te
1075 3343 1220 3423 congelat

58 3461 136 3506 uxor
156 3447 259 3508 anus?
280 3481 321 3490 —
341 3445 408 3509 Val.
429 3445 477 3522 ΙΙΙ,
498 3446 575 3509 637ε
597 3451 630 3509 at
651 3447 720 3528 pius
740 3446 859 3526 ingenti
880 3445 1032 3511 Telamon
1053 3449 1116 3512 iam
1140 3450 1219 3514 ssuc-

58 3552 128 3614 tuat
146 3551 201 3615 ira.
245 3552 395 3634 Vergilius
418 3552 637 3616 translationes
664 3552 752 3616 verbi
779 3552 954 3616 fluctuandi
982 3553 1111 3618 adhibet
1136 3555 1218 3622 Aen.

56 3656 123 3734 Xll,
144 3659 223 3722 527:
245 3659 378 3723 fluctuat
397 3660 443 3723 ira
465 3660 557 3738 intus,
578 3658 627 3735 IV,
647 3658 724 3722 532:
746 3678 927 3742 magnoque
948 3661 1065 3724 irarum
1086 3662 1219 3728 fluctuat

55 3768 156 3843 aestu,
178 3765 254 3842 Vlll,
278 3767 332 3829 19:
353 3786 472 3847 magno
494 3786 641 3830 curarum
664 3767 798 3830 fluctuat
819 3771 919 3831 aestu.
961 3767 1103 3832 Eandem
1124 3770 1219 3852 signi-

55 3871 237 3936 ficationem
249 3873 335 3953 apud
346 3871 505 3937 Valerium
521 3872 655 3938 verbum
672 3873 815 3937 undandi
833 3873 931 3937 habet
943 3872 980 3951 V,
992 3873 1071 3936 303:
1092 3876 1217 3941 undans

55 3979 148 4056 curie,
170 3979 227 4042 ie.
250 3979 433 4059 exagitatus.
475 3979 607 4063 Saepius
627 3980 688 4044 hoc
709 3981 842 4044 verbum
865 3980 905 4043 de
926 3980 1057 4045 tlamma
1077 3984 1109 4044 et
1131 3984 1219 4047 fumo

55 4086 164 4150 undae
185 4086 284 4148 instar
306 4086 544 4167 exsurgentibus
566 4109 585 4152 a
607 4088 707 4169 poetis
728 4090 912 4167 usurpatur,
939 4090 974 4150 ut
995 4087 1062 4153 Val.
1081 4089 1116 4170 ll,
1141 4090 1217 4161 196:
