2828 4778
770 250 790 313 8

434 450 474 494 a.
518 431 855 517 Translationes
882 431 1154 495 verborum:

297 592 485 668 »Reserare,
506 588 681 666 resolvere,
701 588 820 652 solvere
849 588 1097 673 similiumque«
1141 591 1164 668 I,
1185 590 1245 654 655
1274 611 1338 673 sq.:
1352 589 1377 672 ¹)

214 698 341 764 emicuit
368 700 506 762 reserata
529 696 593 760 dies
615 694 801 777 caelumque
821 695 946 760 resolvit
968 716 1067 761 arcus.
1110 697 1188 761 Tres
1216 697 1276 761 hoc
1306 697 1377 762 loco

213 808 288 870 sunt
316 804 472 869 iucundae
502 803 729 867 translationes.
768 802 908 867 Verbum
936 803 1093 868 emicandi
1120 804 1244 887 saepius
1270 808 1378 868 trans-

212 912 326 989 fertur,
348 914 383 975 ut
404 909 462 975 Or.
486 911 560 974 met.
581 908 648 986 XV,
673 908 732 973 67:
761 910 887 974 emicuit
915 929 1013 973 nervo
1042 910 1234 992 penetrabile
1263 909 1375 974 telum.

212 1018 329 1083 Rarius
363 1016 527 1082 translatio
565 1015 652 1079 verbi
680 1015 841 1080 reserandi
878 1016 1052 1094 invenitur,
1082 1021 1117 1080 ut
1145 1017 1213 1081 Val.
1235 1016 1270 1096 Π,
1292 1017 1375 1081 438ε

213 1144 355 1190 reserans
386 1125 505 1187 secreta
531 1121 680 1205 Thyotes.
719 1121 841 1186 Similes
871 1122 931 1185 loci
963 1125 1088 1187 exstant
1118 1122 1175 1187 Or.
1209 1127 1282 1188 met.
1306 1124 1375 1203 XV,

216 1232 292 1296 145:
315 1235 347 1296 et
367 1233 521 1313 angustae
541 1228 689 1293 reserabo
711 1228 840 1293 oracula
861 1229 985 1307 mentia,
1007 1234 1039 1293 et
1059 1229 1141 1294 Plin.
1151 1231 1268 1312 Paneg.
1281 1251 1307 1295 c.
1317 1232 1375 1295 58:

214 1339 335 1422 aperire
356 1356 495 1415 annum,
516 1355 656 1400 reserare
677 1336 782 1399 fastos.
828 1335 976 1403 »Caelum
999 1336 1141 1400 resolvit«
1169 1337 1188 1400 i.
1211 1356 1236 1400 e.
1258 1338 1376 1402 sereni-

214 1449 311 1510 tatem
332 1444 464 1509 reduxit.
505 1442 592 1506 Idem
611 1442 787 1524 significant
809 1442 921 1520 verba,
951 1462 1033 1525 quae
1054 1446 1245 1526 sequuntur:
1287 1447 1319 1508 et
1340 1446 1375 1510 in

211 1571 352 1619 summos
373 1551 533 1616 redierunt
552 1549 660 1614 nubila
682 1553 819 1628 montes,
841 1552 871 1614 et
891 1548 982 1631 Verg.
1004 1551 1083 1615 Aen.
1109 1550 1136 1628 I,
1158 1548 1267 1632 143²):
1310 1551 1375 1615 col·

214 1663 372 1742 lectasque
406 1658 495 1740 fugat
524 1657 625 1722 nubes
659 1656 821 1739 solemque
856 1657 993 1735 reducit,
1030 1638 1147 1735 in'lss,
1166 1657 1243 1735 589,
1271 1657 1321 1736 IV,
1343 1658 1375 1738 7,

216 1768 269 1847 XI,
290 1767 359 1832 210.
386 1801 419 1810 -
443 1764 510 1829 Val.
532 1764 580 1844 ΙΙΙ,
604 1765 618 1827 1
641 1784 704 1847 sq:
736 1764 828 1827 tertia
849 1764 913 1827 iam
933 1763 1050 1844 gelidas
1070 1762 1218 1828 Tithonia
1237 1764 1376 1830 solverat

215 1874 344 1940 umbras
377 1875 568 1954 exueratque
597 1870 714 1955 polum.
756 1872 810 1935 cfr.
831 1871 911 1935 Aen.
935 1870 1016 1949 VIII,
1042 1870 1120 1935 591:
1164 1871 1374 1954 tenebrasque

214 1981 347 2046 resolvit.
392 1978 547 2045 »Umbras
574 1978 729 2042 solverat«
767 1981 799 2043 et
832 1982 979 2043 >exuerat
1008 1977 1151 2061 polum«,
1178 1998 1242 2062 qua
1271 1982 1375 2043 trans-

214 2089 331 2153 latione
358 2085 500 2151 Valerius
528 2084 611 2149 solus
639 2086 751 2162 utttur,
777 2084 861 2149 idem
889 2087 1002 2149 notant
1030 2085 1116 2168 quod
1146 2085 1225 2149 Aen.
1247 2085 1274 2163 Ι,
1295 2086 1375 2150 2255:

214 2194 335 2260 caelum
366 2196 630 2277 tempestatesque
662 2195 803 2271 serenat,
841 2193 890 2257 vel
921 2193 1040 2275 potius:
1083 2193 1155 2274 polo
1194 2192 1374 2258 detraxerat

214 2303 315 2367 nubes
340 2300 522 2366 tenebrosas
548 2299 793 2381 imbriferasque.
835 2298 943 2363 Nubes
971 2299 1054 2362 enim
1084 2298 1206 2363 caelum
1233 2302 1375 2381 tegentes

216 2409 305 2495 quasi
332 2402 450 2472 vestes'
465 2407 598 2471 aetheris
626 2409 709 2470 sunt.
731 2441 769 2450 —
791 2405 859 2470 Val.
881 2404 940 2485 IV,
969 2406 1045 2471 703:
1087 2409 1189 2469 metus
1218 2426 1373 2491 curasque

215 2517 376 2582 resolvere.
418 2515 558 2580 Similem
586 2513 690 2578 locum
721 2512 819 2578 habes
841 2513 932 2596 Verg.
954 2512 1066 2594 Georg.
1087 2513 1116 2591 Ι,
1144 2514 1220 2577 302:
1260 2514 1374 2579 invitat

214 2622 342 2706 genialis
362 2622 485 2706 hiemps
509 2641 663 2705 curasque
686 2620 819 2686 resolvit.

297 2729 563 2812 »Praecipitarert
606 2729 678 2793 Non
700 2749 772 2794 raro
800 2729 860 2793 hoc
881 2728 1012 2792 verbum
1034 2729 1129 2794 etiam
1158 2729 1244 2811 apud
1271 2728 1373 2793 bonos

212 2837 374 2920 scriptores
395 2836 478 2901 idem
499 2836 583 2901 valet
602 2838 688 2919 quod
708 2837 892 2915 accelerare,
914 2836 1011 2901 nimIa
1032 2836 1229 2900 festinatione
1249 2856 1371 2918 urgere,

214 2945 301 3010 cuius
322 2942 554 3025 significationis
572 2943 686 3007 Valerii
708 2944 851 3026 exempla
871 2948 961 3007 sunt:
1002 2943 1040 3019 ΙΙ,
1063 2943 1124 3007 390
1144 2962 1207 3026 sq:
1229 2942 1371 3026 Tiphyn·

213 3071 275 3136 quc
306 3052 399 3114 vocat
433 3048 608 3131 pelagoque
640 3050 745 3131 parari
775 3049 967 3131 praecipitat.
1011 3048 1060 3126 IV,
1081 3047 1141 3111 626
1170 3070 1232 3132 sq:
1272 3051 1371 3114 socios

213 3157 406 3242 praeciptat.
447 3155 483 3235 V,
495 3155 575 3220 269:
601 3156 848 3239 praecipitatque
868 3159 979 3239 patres,
1024 3155 1144 3220 Similes
1165 3156 1287 3238 Vergilii
1314 3157 1372 3222 loci

78 3288 80 3293 ·
214 3270 338 3332 exstant
362 3265 441 3329 Aen.
463 3263 563 3356 XLI
594 3283 657 3348 sq:
696 3263 785 3328 sociis
817 3264 893 3328 dare
924 3267 1050 3348 tempus
1081 3263 1252 3329 humandis
1280 3284 1372 3346 prae·

214 3374 343 3456 cipitant
364 3391 472 3452 curae,
492 3373 527 3452 ΙΙ,
550 3373 610 3438 316
631 3392 693 3455 sq:
736 3373 822 3438 furor
849 3371 958 3455 iraque
987 3376 1125 3438 mentem
1154 3370 1370 3454 praecipitant,

211 3479 358 3558 vntum
379 3483 411 3545 et
431 3479 496 3557 XII,
508 3481 586 3545 699:
619 3479 822 3563 praecipitare
843 3499 957 3544 moras.
989 3477 1144 3561 Singulari
1164 3473 1367 3539 translatione

214 3586 312 3650 utitur
333 3586 473 3650 Valerius
501 3585 526 3664 I,
549 3587 609 3650 755
630 3607 694 3669 sq:
734 3587 903 3669 flagrantes
932 3605 1004 3650 aras
1032 3586 1215 3663 vestemque
1242 3600 1369 3645 nemus·

216 3712 277 3776 que
312 3693 458 3757 sacerdos
483 3692 676 3774 praecipitat.
726 3692 787 3756 Viri
819 3692 902 3756 docti
938 3692 1021 3754 hanc
1049 3687 1203 3751 audacem
1235 3687 1368 3769 figuram

216 3844 408 3855 ——-—·—-—-

314 3903 334 3971 ¹)
353 3903 384 3954 In
405 3903 568 3958 adnotandis
586 3902 692 3957 Valerii
711 3901 776 3956 locis
794 3918 900 3971 semper
915 3899 1062 3954 novissimo
1076 3899 1233 3954 Baehrensii
1249 3901 1368 3957 editione

215 4007 363 4045 naussum.
382 4019 413 4026 -
436 3990 456 4058 Ι)
474 3991 507 4043 In
525 3988 642 4058 Vergilii
663 3987 729 4043 Iocis
751 3987 879 4043 notandis
902 3985 1045 4041 Ribbechii
1071 3985 1220 4042 editionem
1244 3988 1369 4043 Teubne-

212 4077 318 4132 rianam
336 4073 460 4130 adhibui.
