2828 4778
637 281 674 347 31

81 467 178 547 taque
203 465 302 529 muris
321 484 399 528 saxa
420 462 554 527 donmnt
575 462 689 538 Euros,
719 460 737 523 i.
758 479 784 524 e.
805 461 922 525 ferreus
949 478 1055 525 carcer
1082 462 1131 526 vel
1154 463 1244 528 ferrei

78 571 203 636 clathri.
246 571 283 650 V,
307 572 365 635 168
398 570 528 652 chalybs
556 571 603 634 est
631 587 688 651 pro
718 567 870 650 chalybiis
896 567 946 632 vel
976 568 1079 632 terreis
1102 570 1243 650 vinculis

78 679 130 756 Vl,
143 679 219 743 342:
241 679 341 744 letifer
353 678 501 760 chalybs,
524 697 581 759 pro
599 676 746 740 acumine
767 674 887 739 hastae.
919 675 1005 738 Idem
1025 679 1135 758 tropus
1158 680 1243 761 apud

77 787 246 849 Lucanum
267 785 440 849 invenitur:
470 783 610 862 viver:
632 783 768 846 aeternis
789 781 960 865 chalybum
981 783 1082 859 nodis,
1104 785 1123 847 i.
1144 804 1170 848 e.
1192 805 1244 850 ca-

77 897 229 956 tenarum
249 893 430 970 ferrearum,
452 890 513 969 Vll,
530 891 608 954 518:
620 893 785 954 externum
808 888 970 952 maculant
990 890 1167 973 chalybem,
1186 893 1205 956 i.
1217 913 1243 957 e.

77 1000 234 1084 spiculum
265 1000 401 1064 ferreum
427 1000 577 1079 sagittae,
605 996 654 1075 Vl,
677 996 737 1059 547
773 995 903 1078 chalybs
934 1016 991 1079 pro
1022 996 1112 1062 clavo
1143 999 1244 1063 ferreo

78 1108 200 1190 positus
220 1109 275 1170 est.
292 1141 331 1151 —
343 1105 409 1170 Vel.
421 1105 472 1181 Vl,
487 1105 547 1168 342
568 1123 622 1168 aes
643 1107 689 1166 est
710 1122 769 1186 pro
789 1102 894 1179 lorica,
916 1106 952 1167 ut
972 1103 1034 1167 hoc
1052 1104 1245 1171 vocabulum

79 1214 261 1297 saepissime
281 1233 338 1297 pro
358 1212 393 1277 iis
415 1212 509 1276 rebus
532 1211 668 1294 positum
691 1214 754 1288 est,
784 1228 867 1293 quae
888 1229 1018 1274 ex'aere
1039 1211 1141 1275 factae
1161 1214 1245 1277 sunt.

80 1321 131 1400 Ill,
144 1321 202 1385 61:
233 1317 401 1402 (Bellona)
432 1336 590 1401 passuque
620 1337 751 1382 movens
775 1316 931 1381 orichalca
951 1336 1081 1396 sonoro,
1112 1319 1130 1381 i.
1153 1339 1180 1383 e.
1211 1324 1247 1384 ut

81 1427 235 1493 Maserius
257 1432 289 1491 et
309 1426 334 1490 J.
345 1427 384 1490 A.
398 1426 576 1506 Wagnerus
599 1424 765 1507 explicant,
789 1424 900 1488 tubam
924 1424 1080 1489 orichalco
1094 1421 1248 1507 vinctam,

81 1554 166 1618 quae
186 1534 334 1598 Bellonae
355 1533 510 1596 tribuitur.
543 1531 598 1595 cir.
619 1531 850 1610 Aen.vl‚165:
873 1551 945 1594 aere
967 1531 1046 1596 ciere
1067 1533 1160 1612 viros
1181 1535 1201 1596 i.
1219 1554 1245 1598 e.
1331 1535 1335 1541 ’

79 1642 170 1706 tuba.
211 1640 444 1722 Zinzerlingius‚
465 1632 637 1703 Lemairius
658 1638 788 1722 aliique,
808 1638 922 1721 quibus
943 1659 1002 1722 ego
1024 1641 1154 1719 accede,
1180 1660 1246 1705 non

82 1749 124 1814 de
145 1748 240 1813 tubae
261 1747 408 1829 clangore
423 1746 502 1811 haec
519 1745 616 1809 verba
637 1746 804 1828 accipiunt,
826 1745 932 1810 sedda
949 1747 1054 1810 sonitu
1072 1767 1245 1827 armorum,

81 1856 197 1938 quibus
218 1855 349 1919 Bellona
370 1853 482 1918 induta
502 1856 580 1917 erat.

164 1961 395 2042 Schenhelins¹)
418 1960 467 2038 Vl,
479 1961 539 2024 223
561 1980 628 2044 sq.:
663 1960 712 2024 cui
733 1958 869 2042 plurima
888 1959 971 2024 silvis
992 1960 1156 2044 pervigilat
1176 1960 1247 2027 mass

78 2074 173 2134 terna
198 2088 302 2146 soror,
336 2067 453 2132 »silvis«
483 2065 658 2148 significare
684 2064 902 2146 Webebaum,
924 2067 1110 2132 Webestuhl
1145 2070 1246 2150 putat,

79 2175 136 2240 sed
158 2175 289 2239 fortasse
315 2174 340 2239 J.
362 2174 401 2238 A.
423 2173 575 2255 Wagneri
602 2175 759 2238 sententia
788 2173 898 2238 melius
925 2194 959 2238 se
985 2175 1099 2239 habet:
1141 2175 1246 2241 Silvae

80 2283 114 2347 h.
135 2282 155 2346 l.
178 2282 218 2346 de
240 2281 373 2346 materia
393 2281 435 2345 ad
454 2280 626 2345 texendum
643 2281 675 2344 in
697 2281 780 2345 silvis
802 2281 912 2359 obvia,
934 2281 998 2345 lino
1020 2282 1174 2365 inprimis
1198 2282 1246 2346 in-

84 2387 288 2470 tellegendae.
318 2387 437 2453 Eodem
460 2387 556 2451 modo
573 2387 720 2470 explicari
742 2388 992 2471 potestVL699:
1015 2409 1091 2453 eoae
1110 2391 1245 2454 stamine

80 2496 186 2560 silvae.
218 2496 272 2560 cfr.
295 2495 374 2559 Aen.
389 2494 504 2572 illud:
529 2494 725 2578 viridemque
747 2496 789 2560 ab
812 2496 910 2560 humo
929 2496 1103 2561 convellere
1123 2496 1244 2562 silvam.

438 2743 480 2830 Ο.
542 2730 601 2831 De
629 2747 873 2854 metonymia.

165 2906 272 2984 Quint.
292 2907 368 2986 vlit,
390 2905 419 2986 6,
440 2909 498 2974 23:
529 2910 595 2975 Nec
614 2911 724 2994 procul
746 2912 788 2976 ab
810 2912 870 2977 hoc
891 2933 1005 2994 genere
1028 2915 1157 2981 discedit
1177 2939 1244 2983 me-

80 3014 233 3096 tonymia,
255 3035 337 3098 quae
357 3019 404 3080 est
419 3017 555 3081 nominis
573 3020 772 3100 pronomine
790 3021 911 3103 positio,
932 3021 998 3100 sed,
1010 3027 1046 3088 ui
1065 3024 1110 3088 ait
1126 3023 1243 3104 Cicero,

79 3120 270 3204 hypallagen
289 3122 439 3186 rhetores
453 3124 572 3189 dicunt.
602 3124 690 3191 Haeo
711 3127 856 3191 inventas
876 3115 918 3192 ab
940 3129 1102 3194 inventore
1120 3135 1152 3195 et
1168 3132 1244 3195 sub·

79 3228 176 3292 iectus
196 3248 245 3292 res
265 3229 307 3293 ab
329 3231 544 3313 optinentibus
563 3232 726 3314 significat.
770 3233 866 3299 Cicer.
887 3240 968 3300 orat.
990 3238 1040 3316 27,
1063 3239 1119 3302 93:
1150 3238 1243 3304 Hanc

78 3332 271 3418 enanayp
290 3335 447 3415 rhetores,
467 3339 542 3420 quia
563 3340 653 3421 quasi
675 3344 913 3405 summutantur
933 3342 1031 3406 verba
1052 3364 1110 3426 pro
1129 3346 1242 3423 verbis

80 3445 288 3522 μετωνυμιάι·
313 3437 519 3523 'grammatici
552 3450 684 3523 vocant,
721 3446 807 3528 quod
842 3448 973 3513 nomina
1002 3451 1241 3516 transferuntur.

80 3547 174 3612 Corn.
196 3549 238 3613 ad
260 3548 294 3613 C.
315 3547 512 3629 Herennium
533 3551 583 3630 IV,
596 3552 645 3630 32,
667 3552 725 3616 43:
769 3552 991 3619 Denominatio
1012 3560 1072 3634 est,
1095 3577 1177 3639 quae
1200 3559 1242 3623 ab

79 3655 174 3719 rebus
196 3655 379 3738 propinquis
406 3660 437 3720 et
458 3656 597 3722 finitimis
616 3658 713 3722 trahit
734 3660 926 3739 orationem,
948 3682 1012 3744 qua
1034 3663 1131 3744 possit
1150 3665 1242 3729 intel-

77 3761 141 3843 legi
159 3782 225 3839 res,
254 3782 336 3844 quae
365 3782 430 3827 non
453 3783 510 3828 suo
531 3765 687 3830 vocabulo
715 3767 754 3832 sit
782 3767 948 3850 appellata.
989 3768 1107 3852 Tryph.
1129 3770 1240 3852 (Walz.

78 3868 98 3933 l.
122 3867 142 3932 l.
163 3888 193 3950 p.
213 3866 314 3949 739):.
331 3873 520 3950 μετωνυμία
541 3871 611 3934 ἐστὶ
631 3870 714 3947 λέξις
742 3871 812 3936 οἷπό
832 3875 891 3936 τοῦ
911 3871 1084 3956 ὁμωνύμου
1106 3877 1144 3940 cd
1166 3895 1240 3942 ovas

80 3972 210 4056 ώνυμον
231 3973 384 4057 δηλοῦσα.

183 4122 203 4192 ι)
222 4119 337 4176 seneen
357 4139 383 4191 p.
399 4120 459 4176 273.
506 4184 508 4187 ,
555 4090 559 4098 ’
631 4160 635 4167 .
