<?xml version="1.0" encoding="UTF-8"?>
<!DOCTYPE html PUBLIC "-//W3C//DTD XHTML 1.0 Transitional//EN"
    "http://www.w3.org/TR/xhtml1/DTD/xhtml1-transitional.dtd">
<html xmlns="http://www.w3.org/1999/xhtml" xml:lang="en" lang="en">
 <head>
  <title>
</title>
<meta http-equiv="Content-Type" content="text/html;charset=utf-8" />
  <meta name='ocr-system' content='tesseract 3.04.00' />
  <meta name='ocr-capabilities' content='ocr_page ocr_carea ocr_par ocr_line ocrx_word'/>
</head>
<body>
  <div class='ocr_page' id='page_1' title='image "./decvaleriiflacc00gebbgoog_0024.png"; bbox 0 0 2828 4778; ppageno 0'>
   <div class='ocr_carea' id='block_1_1' title="bbox 614 265 652 331">
    <p class='ocr_par' dir='ltr' id='par_1_1' title="bbox 614 265 652 331">
     <span class='ocr_line' id='line_1_1' title="bbox 614 265 652 331; baseline 0 0"><span class='ocrx_word' id='word_1_1' title='bbox 614 265 652 331; x_wconf 77' lang='lat'>15</span> 
     </span>
    </p>
   </div>
   <div class='ocr_carea' id='block_1_2' title="bbox 52 441 1218 2029">
    <p class='ocr_par' dir='ltr' id='par_1_2' title="bbox 52 441 1218 2029">
     <span class='ocr_line' id='line_1_2' title="bbox 54 441 1213 525; baseline -0.006 -8"><span class='ocrx_word' id='word_1_2' title='bbox 54 445 141 521; x_wconf 78' lang='lat' dir='ltr'>ribus</span> <span class='ocrx_word' id='word_1_3' title='bbox 162 448 290 525; x_wconf 72' lang='lat' dir='ltr'>molon,</span> <span class='ocrx_word' id='word_1_4' title='bbox 314 445 370 511; x_wconf 89' lang='lat' dir='ltr'>sed</span> <span class='ocrx_word' id='word_1_5' title='bbox 391 445 609 517; x_wconf 82' lang='lat' dir='ltr'>translationes</span> <span class='ocrx_word' id='word_1_6' title='bbox 635 445 729 515; x_wconf 77' lang='lat' dir='ltr'>huius</span> <span class='ocrx_word' id='word_1_7' title='bbox 748 444 836 515; x_wconf 80' lang='lat' dir='ltr'>verbi</span> <span class='ocrx_word' id='word_1_8' title='bbox 858 444 991 514; x_wconf 82' lang='lat' dir='ltr'>usitatae</span> <span class='ocrx_word' id='word_1_9' title='bbox 1011 446 1095 509; x_wconf 86' lang='lat' dir='ltr'>sunt</span> <span class='ocrx_word' id='word_1_10' title='bbox 1136 441 1213 509; x_wconf 87' lang='lat' dir='ltr'>Ver-</span> 
     </span>
     <span class='ocr_line' id='line_1_3' title="bbox 53 552 1213 637; baseline -0.001 -18"><span class='ocrx_word' id='word_1_11' title='bbox 53 555 115 637; x_wconf 84' lang='lat' dir='ltr'>gilii</span> <span class='ocrx_word' id='word_1_12' title='bbox 150 554 329 635; x_wconf 84' lang='lat' dir='ltr'>exemplum</span> <span class='ocrx_word' id='word_1_13' title='bbox 359 552 458 618; x_wconf 90' lang='lat' dir='ltr'>habes</span> <span class='ocrx_word' id='word_1_14' title='bbox 485 554 564 617; x_wconf 89' lang='lat' dir='ltr'>Aen.</span> <span class='ocrx_word' id='word_1_15' title='bbox 594 553 652 631; x_wconf 87' lang='lat' dir='ltr'>IX,</span> <span class='ocrx_word' id='word_1_16' title='bbox 674 553 752 616; x_wconf 81' lang='lat'>608:</span> <span class='ocrx_word' id='word_1_17' title='bbox 787 552 890 635; x_wconf 90' lang='lat' dir='ltr'>quatit</span> <span class='ocrx_word' id='word_1_18' title='bbox 915 553 1033 634; x_wconf 88' lang='lat' dir='ltr'>oppida</span> <span class='ocrx_word' id='word_1_19' title='bbox 1060 553 1150 618; x_wconf 90' lang='lat' dir='ltr'>bello.</span> <span class='ocrx_word' id='word_1_20' title='bbox 1173 587 1213 601; x_wconf 76' lang='lat'>-</span> 
     </span>
     <span class='ocr_line' id='line_1_4' title="bbox 53 659 1213 744; baseline 0 -19"><span class='ocrx_word' id='word_1_21' title='bbox 53 662 121 729; x_wconf 86' lang='lat' dir='ltr'>Val.</span> <span class='ocrx_word' id='word_1_22' title='bbox 144 661 180 740; x_wconf 89' lang='lat' dir='ltr'>V,</span> <span class='ocrx_word' id='word_1_23' title='bbox 201 662 277 726; x_wconf 71' lang='lat'>340:</span> <span class='ocrx_word' id='word_1_24' title='bbox 299 661 419 731; x_wconf 89' lang='lat' dir='ltr'>lumina</span> <span class='ocrx_word' id='word_1_25' title='bbox 442 680 588 744; x_wconf 82' lang='lat' dir='ltr'>rumpere</span> <span class='ocrx_word' id='word_1_26' title='bbox 610 661 697 726; x_wconf 86' lang='lat' dir='ltr'>fietu.</span> <span class='ocrx_word' id='word_1_27' title='bbox 732 660 782 738; x_wconf 90' lang='lat' dir='ltr'>IV,</span> <span class='ocrx_word' id='word_1_28' title='bbox 803 661 844 724; x_wconf 86' lang='lat'>88</span> <span class='ocrx_word' id='word_1_29' title='bbox 865 679 929 741; x_wconf 78' lang='lat' dir='ltr'>sq:</span> <span class='ocrx_word' id='word_1_30' title='bbox 951 659 1104 741; x_wconf 85' lang='lat' dir='ltr'>(carmen)</span> <span class='ocrx_word' id='word_1_31' title='bbox 1126 662 1213 743; x_wconf 93' lang='lat' dir='ltr'>quod</span> 
     </span>
     <span class='ocr_line' id='line_1_5' title="bbox 53 765 1214 851; baseline -0.003 -17"><span class='ocrx_word' id='word_1_32' title='bbox 53 769 148 834; x_wconf 90' lang='lat' dir='ltr'>simul</span> <span class='ocrx_word' id='word_1_33' title='bbox 174 769 345 851; x_wconf 84' lang='lat' dir='ltr'>adsumpta</span> <span class='ocrx_word' id='word_1_34' title='bbox 371 767 496 850; x_wconf 88' lang='lat' dir='ltr'>pulsum</span> <span class='ocrx_word' id='word_1_35' title='bbox 526 767 603 844; x_wconf 86' lang='lat' dir='ltr'>fide,</span> <span class='ocrx_word' id='word_1_36' title='bbox 631 766 734 833; x_wconf 85' lang='lat' dir='ltr'>luctus</span> <span class='ocrx_word' id='word_1_37' title='bbox 756 769 787 830; x_wconf 90' lang='lat' dir='ltr'>et</span> <span class='ocrx_word' id='word_1_38' title='bbox 809 767 874 831; x_wconf 86' lang='lat' dir='ltr'>irae</span> <span class='ocrx_word' id='word_1_39' title='bbox 894 769 926 831; x_wconf 89' lang='lat' dir='ltr'>et</span> <span class='ocrx_word' id='word_1_40' title='bbox 946 765 1036 832; x_wconf 87' lang='lat' dir='ltr'>labor</span> <span class='ocrx_word' id='word_1_41' title='bbox 1055 770 1086 830; x_wconf 91' lang='lat' dir='ltr'>et</span> <span class='ocrx_word' id='word_1_42' title='bbox 1107 767 1214 832; x_wconf 83' lang='lat' dir='ltr'>dulces</span> 
     </span>
     <span class='ocr_line' id='line_1_6' title="bbox 54 873 1214 964; baseline -0.006 -18"><span class='ocrx_word' id='word_1_43' title='bbox 54 877 172 946; x_wconf 87' lang='lat' dir='ltr'>cedunt</span> <span class='ocrx_word' id='word_1_44' title='bbox 199 897 217 941; x_wconf 93' lang='lat' dir='ltr'>e</span> <span class='ocrx_word' id='word_1_45' title='bbox 237 879 363 959; x_wconf 91' lang='lat' dir='ltr'>pectore</span> <span class='ocrx_word' id='word_1_46' title='bbox 384 876 461 941; x_wconf 82' lang='lat' dir='ltr'>noti.</span> <span class='ocrx_word' id='word_1_47' title='bbox 505 874 661 939; x_wconf 79' lang='lat' dir='ltr'>»Carmen</span> <span class='ocrx_word' id='word_1_48' title='bbox 680 874 827 964; x_wconf 73' lang='lat' dir='ltr'>pulsum«</span> <span class='ocrx_word' id='word_1_49' title='bbox 855 878 900 937; x_wconf 85' lang='lat' dir='ltr'>est</span> <span class='ocrx_word' id='word_1_50' title='bbox 924 873 1088 954; x_wconf 84' lang='lat' dir='ltr'>singularis</span> <span class='ocrx_word' id='word_1_51' title='bbox 1110 879 1214 939; x_wconf 85' lang='lat' dir='ltr'>trans·</span> 
     </span>
     <span class='ocr_line' id='line_1_7' title="bbox 54 980 1215 1064; baseline -0.004 -12"><span class='ocrx_word' id='word_1_52' title='bbox 54 987 130 1055; x_wconf 84' lang='lat' dir='ltr'>latio</span> <span class='ocrx_word' id='word_1_53' title='bbox 150 985 211 1049; x_wconf 89' lang='lat' dir='ltr'>hac</span> <span class='ocrx_word' id='word_1_54' title='bbox 232 984 403 1052; x_wconf 87' lang='lat' dir='ltr'>sententia:</span> <span class='ocrx_word' id='word_1_55' title='bbox 436 1001 564 1049; x_wconf 84' lang='lat' dir='ltr'>carmen</span> <span class='ocrx_word' id='word_1_56' title='bbox 591 981 747 1064; x_wconf 85' lang='lat' dir='ltr'>pulsando</span> <span class='ocrx_word' id='word_1_57' title='bbox 772 980 874 1063; x_wconf 80' lang='lat' dir='ltr'>lyram</span> <span class='ocrx_word' id='word_1_58' title='bbox 900 981 1108 1049; x_wconf 86' lang='lat' dir='ltr'>modulatum.</span> <span class='ocrx_word' id='word_1_59' title='bbox 1152 983 1215 1048; x_wconf 85' lang='lat' dir='ltr'>Sed</span> 
     </span>
     <span class='ocr_line' id='line_1_8' title="bbox 53 1087 1214 1173; baseline -0.002 -14"><span class='ocrx_word' id='word_1_60' title='bbox 53 1095 119 1159; x_wconf 87' lang='lat' dir='ltr'>iam</span> <span class='ocrx_word' id='word_1_61' title='bbox 147 1092 352 1161; x_wconf 81' lang='lat' dir='ltr'><strong>Burmannus</strong></span> <span class='ocrx_word' id='word_1_62' title='bbox 377 1088 548 1157; x_wconf 81' lang='lat' dir='ltr'>editionem</span> <span class='ocrx_word' id='word_1_63' title='bbox 573 1087 805 1155; x_wconf 84' lang='lat' dir='ltr'>Bononiensem</span> <span class='ocrx_word' id='word_1_64' title='bbox 832 1091 958 1153; x_wconf 87' lang='lat' dir='ltr'>secutus</span> <span class='ocrx_word' id='word_1_65' title='bbox 983 1088 1119 1173; x_wconf 83' lang='lat' dir='ltr'>scripsit:</span> <span class='ocrx_word' id='word_1_66' title='bbox 1150 1111 1214 1173; x_wconf 91' lang='lat' dir='ltr'>quo</span> 
     </span>
     <span class='ocr_line' id='line_1_9' title="bbox 52 1193 1215 1280; baseline -0.005 -16"><span class='ocrx_word' id='word_1_67' title='bbox 52 1199 150 1267; x_wconf 86' lang='lat' dir='ltr'>simul</span> <span class='ocrx_word' id='word_1_68' title='bbox 170 1198 340 1278; x_wconf 87' lang='lat' dir='ltr'>adsumpta</span> <span class='ocrx_word' id='word_1_69' title='bbox 360 1195 468 1278; x_wconf 87' lang='lat' dir='ltr'>pulsus</span> <span class='ocrx_word' id='word_1_70' title='bbox 489 1194 550 1263; x_wconf 81' lang='lat' dir='ltr'>tide</span> <span class='ocrx_word' id='word_1_71' title='bbox 572 1194 675 1258; x_wconf 87' lang='lat' dir='ltr'>luctus</span> <span class='ocrx_word' id='word_1_72' title='bbox 696 1195 766 1271; x_wconf 79' lang='lat' dir='ltr'>etc,</span> <span class='ocrx_word' id='word_1_73' title='bbox 787 1193 837 1261; x_wconf 91' lang='lat' dir='ltr'>cui</span> <span class='ocrx_word' id='word_1_74' title='bbox 858 1194 1015 1259; x_wconf 86' lang='lat' dir='ltr'>accedunt</span> <span class='ocrx_word' id='word_1_75' title='bbox 1035 1194 1095 1266; x_wconf 85' lang='lat' dir='ltr'>Ph.</span> <span class='ocrx_word' id='word_1_76' title='bbox 1116 1196 1215 1280; x_wconf 79' lang='lat' dir='ltr'>Wag-</span> 
     </span>
     <span class='ocr_line' id='line_1_10' title="bbox 53 1299 1216 1385; baseline -0.002 -14"><span class='ocrx_word' id='word_1_77' title='bbox 53 1303 184 1385; x_wconf 82' lang='lat' dir='ltr'>nerus1)</span> <span class='ocrx_word' id='word_1_78' title='bbox 207 1308 238 1369; x_wconf 89' lang='lat' dir='ltr'>et</span> <span class='ocrx_word' id='word_1_79' title='bbox 258 1302 455 1383; x_wconf 65' lang='lat' dir='ltr'>Reussrusu,</span> <span class='ocrx_word' id='word_1_80' title='bbox 485 1301 572 1370; x_wconf 91' lang='lat' dir='ltr'>cuius</span> <span class='ocrx_word' id='word_1_81' title='bbox 594 1300 729 1369; x_wconf 86' lang='lat' dir='ltr'>mutatio</span> <span class='ocrx_word' id='word_1_82' title='bbox 752 1299 855 1369; x_wconf 76' lang='lat' dir='ltr'>»nati«</span> <span class='ocrx_word' id='word_1_83' title='bbox 880 1300 912 1365; x_wconf 92' lang='lat' dir='ltr'>in</span> <span class='ocrx_word' id='word_1_84' title='bbox 934 1302 1063 1367; x_wconf 73' lang='lat' dir='ltr'>»amici«</span> <span class='ocrx_word' id='word_1_85' title='bbox 1088 1322 1216 1384; x_wconf 88' lang='lat' dir='ltr'>prorsus</span> 
     </span>
     <span class='ocr_line' id='line_1_11' title="bbox 55 1407 1215 1495; baseline -0.001 -17"><span class='ocrx_word' id='word_1_86' title='bbox 55 1430 291 1494; x_wconf 86' lang='lat' dir='ltr'>supervacanea</span> <span class='ocrx_word' id='word_1_87' title='bbox 317 1414 372 1474; x_wconf 88' lang='lat' dir='ltr'>est.</span> <span class='ocrx_word' id='word_1_88' title='bbox 417 1409 545 1495; x_wconf 77' lang='lat' dir='ltr'>»Neque</span> <span class='ocrx_word' id='word_1_89' title='bbox 573 1408 739 1491; x_wconf 76' lang='lat' dir='ltr'>cuiquam,</span> <span class='ocrx_word' id='word_1_90' title='bbox 770 1411 864 1490; x_wconf 83' lang='lat' dir='ltr'>puro,</span> <span class='ocrx_word' id='word_1_91' title='bbox 892 1407 1011 1490; x_wconf 89' lang='lat' dir='ltr'>inquit,</span> <span class='ocrx_word' id='word_1_92' title='bbox 1036 1410 1215 1477; x_wconf 84' lang='lat' dir='ltr'>satisfacere</span> 
     </span>
     <span class='ocr_line' id='line_1_12' title="bbox 55 1515 1217 1603; baseline -0.002 -18"><span class='ocrx_word' id='word_1_93' title='bbox 55 1520 80 1585; x_wconf 84' lang='lat' dir='ltr'>J.</span> <span class='ocrx_word' id='word_1_94' title='bbox 102 1520 141 1584; x_wconf 86' lang='lat' dir='ltr'>A.</span> <span class='ocrx_word' id='word_1_95' title='bbox 161 1519 311 1600; x_wconf 85' lang='lat' dir='ltr'>Wagneri</span> <span class='ocrx_word' id='word_1_96' title='bbox 339 1517 645 1600; x_wconf 75' lang='lat' dir='ltr'>interpretationem,</span> <span class='ocrx_word' id='word_1_97' title='bbox 675 1518 801 1583; x_wconf 83' lang='lat' dir='ltr'>tantum</span> <span class='ocrx_word' id='word_1_98' title='bbox 831 1515 923 1583; x_wconf 86' lang='lat' dir='ltr'>fuisse</span> <span class='ocrx_word' id='word_1_99' title='bbox 953 1519 1065 1581; x_wconf 88' lang='lat' dir='ltr'>cantus</span> <span class='ocrx_word' id='word_1_100' title='bbox 1090 1516 1217 1603; x_wconf 89' lang='lat' dir='ltr'>Orphici</span> 
     </span>
     <span class='ocr_line' id='line_1_13' title="bbox 57 1622 1217 1708; baseline -0.001 -16"><span class='ocrx_word' id='word_1_101' title='bbox 57 1627 271 1703; x_wconf 84' lang='lat' dir='ltr'>dulcedinem,</span> <span class='ocrx_word' id='word_1_102' title='bbox 293 1629 344 1702; x_wconf 90' lang='lat' dir='ltr'>ut,</span> <span class='ocrx_word' id='word_1_103' title='bbox 367 1625 421 1708; x_wconf 91' lang='lat' dir='ltr'>qui</span> <span class='ocrx_word' id='word_1_104' title='bbox 442 1643 516 1688; x_wconf 93' lang='lat' dir='ltr'>eum</span> <span class='ocrx_word' id='word_1_105' title='bbox 537 1623 676 1701; x_wconf 85' lang='lat' dir='ltr'>audiret,</span> <span class='ocrx_word' id='word_1_106' title='bbox 704 1622 919 1706; x_wconf 88' lang='lat' dir='ltr'>cuiuscunque</span> <span class='ocrx_word' id='word_1_107' title='bbox 937 1622 1052 1688; x_wconf 89' lang='lat' dir='ltr'>doloris</span> <span class='ocrx_word' id='word_1_108' title='bbox 1072 1624 1217 1708; x_wconf 84' lang='lat' dir='ltr'>adeoque</span> 
     </span>
     <span class='ocr_line' id='line_1_14' title="bbox 57 1729 1217 1802; baseline -0.004 -1"><span class='ocrx_word' id='word_1_109' title='bbox 57 1734 199 1801; x_wconf 88' lang='lat' dir='ltr'>desiderii</span> <span class='ocrx_word' id='word_1_110' title='bbox 229 1733 480 1802; x_wconf 87' lang='lat' dir='ltr'>dulcissimorum</span> <span class='ocrx_word' id='word_1_111' title='bbox 513 1731 683 1796; x_wconf 88' lang='lat' dir='ltr'>liberorum</span> <span class='ocrx_word' id='word_1_112' title='bbox 720 1729 833 1799; x_wconf 89' lang='lat' dir='ltr'>oblitus</span> <span class='ocrx_word' id='word_1_113' title='bbox 864 1730 1001 1795; x_wconf 76' lang='lat' dir='ltr'>fuisset«.</span> <span class='ocrx_word' id='word_1_114' title='bbox 1062 1732 1217 1800; x_wconf 83' lang='lat' dir='ltr'>Satisfecit</span> 
     </span>
     <span class='ocr_line' id='line_1_15' title="bbox 56 1837 1216 1924; baseline -0.003 -16"><span class='ocrx_word' id='word_1_115' title='bbox 56 1844 163 1909; x_wconf 89' lang='lat' dir='ltr'>autem</span> <span class='ocrx_word' id='word_1_116' title='bbox 185 1841 264 1907; x_wconf 88' lang='lat' dir='ltr'>haec</span> <span class='ocrx_word' id='word_1_117' title='bbox 284 1839 436 1920; x_wconf 81' lang='lat' dir='ltr'>Wagoeri</span> <span class='ocrx_word' id='word_1_118' title='bbox 464 1838 629 1921; x_wconf 80' lang='lat' dir='ltr'>explicatio</span> <span class='ocrx_word' id='word_1_119' title='bbox 650 1837 774 1903; x_wconf 91' lang='lat' dir='ltr'>Thiloni</span> <span class='ocrx_word' id='word_1_120' title='bbox 799 1843 830 1903; x_wconf 88' lang='lat' dir='ltr'>et</span> <span class='ocrx_word' id='word_1_121' title='bbox 852 1837 1038 1905; x_wconf 88' lang='lat' dir='ltr'>Schenkelio</span> <span class='ocrx_word' id='word_1_122' title='bbox 1058 1844 1103 1919; x_wconf 90' lang='lat' dir='ltr'>et,</span> <span class='ocrx_word' id='word_1_123' title='bbox 1129 1840 1216 1924; x_wconf 89' lang='lat' dir='ltr'>quod</span> 
     </span>
     <span class='ocr_line' id='line_1_16' title="bbox 56 1945 1218 2029; baseline -0.003 -13"><span class='ocrx_word' id='word_1_124' title='bbox 56 1948 167 2016; x_wconf 86' lang='lat' dir='ltr'>multo</span> <span class='ocrx_word' id='word_1_125' title='bbox 183 1947 286 2017; x_wconf 82' lang='lat' dir='ltr'>maius</span> <span class='ocrx_word' id='word_1_126' title='bbox 304 1949 367 2024; x_wconf 89' lang='lat' dir='ltr'>est,</span> <span class='ocrx_word' id='word_1_127' title='bbox 396 1945 600 2023; x_wconf 87' lang='lat' dir='ltr'>Baehrensio,</span> <span class='ocrx_word' id='word_1_128' title='bbox 632 1964 768 2029; x_wconf 90' lang='lat' dir='ltr'>quorum</span> <span class='ocrx_word' id='word_1_129' title='bbox 794 1945 886 2011; x_wconf 90' lang='lat' dir='ltr'>Thilo</span> <span class='ocrx_word' id='word_1_130' title='bbox 894 1945 919 2028; x_wconf 75' lang='lat'>⁸)</span> <span class='ocrx_word' id='word_1_131' title='bbox 943 1946 1025 2010; x_wconf 86' lang='lat' dir='ltr'>bene</span> <span class='ocrx_word' id='word_1_132' title='bbox 1049 1947 1089 2012; x_wconf 93' lang='lat' dir='ltr'>de</span> <span class='ocrx_word' id='word_1_133' title='bbox 1113 1948 1218 2012; x_wconf 85' lang='lat' dir='ltr'>verbis</span> 
     </span>
    </p>
   </div>
   <div class='ocr_carea' id='block_1_3' title="bbox 54 2023 1383 2252">
    <p class='ocr_par' dir='ltr' id='par_1_3' title="bbox 54 2023 1383 2252">
     <span class='ocr_line' id='line_1_17' title="bbox 57 2023 1383 2148; baseline 0.002 -31"><span class='ocrx_word' id='word_1_134' title='bbox 57 2074 208 2121; x_wconf 82' lang='lat' dir='ltr'>»carmen</span> <span class='ocrx_word' id='word_1_135' title='bbox 230 2053 373 2136; x_wconf 81' lang='lat' dir='ltr'>pulsum«</span> <span class='ocrx_word' id='word_1_136' title='bbox 395 2054 485 2120; x_wconf 65' lang='lat' dir='ltr'>dieite</span> <span class='ocrx_word' id='word_1_137' title='bbox 524 2052 659 2139; x_wconf 75' lang='lat' dir='ltr'>»Lyram</span> <span class='ocrx_word' id='word_1_138' title='bbox 689 2052 804 2141; x_wconf 84' lang='lat' dir='ltr'>pellere</span> <span class='ocrx_word' id='word_1_139' title='bbox 833 2072 906 2117; x_wconf 89' lang='lat' dir='ltr'>curn</span> <span class='ocrx_word' id='word_1_140' title='bbox 934 2053 1028 2123; x_wconf 83' lang='lat' dir='ltr'>dictio</span> <span class='ocrx_word' id='word_1_141' title='bbox 1054 2056 1095 2118; x_wconf 91' lang='lat' dir='ltr'>sit</span> <span class='ocrx_word' id='word_1_142' title='bbox 1119 2055 1217 2139; x_wconf 86' lang='lat' dir='ltr'>poetis</span> <span class='ocrx_word' id='word_1_143' title='bbox 1316 2135 1321 2148; x_wconf 24' lang='grc' dir='ltr'>ἱ</span> <span class='ocrx_word' id='word_1_144' title='bbox 1380 2023 1383 2030; x_wconf 40' lang='grc'><strong>’</strong></span> 
     </span>
     <span class='ocr_line' id='line_1_18' title="bbox 54 2159 1340 2252; baseline 0.001 -25"><span class='ocrx_word' id='word_1_145' title='bbox 54 2164 272 2246; x_wconf 78' lang='lat' dir='ltr'>frequentata,</span> <span class='ocrx_word' id='word_1_146' title='bbox 293 2159 434 2230; x_wconf 82' lang='lat' dir='ltr'>Valerius</span> <span class='ocrx_word' id='word_1_147' title='bbox 462 2178 597 2252; x_wconf 24' lang='lat' dir='ltr'>carmen·</span> <span class='ocrx_word' id='word_1_148' title='bbox 622 2178 766 2245; x_wconf 89' lang='lat' dir='ltr'>quoque,</span> <span class='ocrx_word' id='word_1_149' title='bbox 797 2159 883 2245; x_wconf 89' lang='lat' dir='ltr'>quod</span> <span class='ocrx_word' id='word_1_150' title='bbox 908 2179 926 2224; x_wconf 89' lang='lat' dir='ltr'>e</span> <span class='ocrx_word' id='word_1_151' title='bbox 947 2159 1061 2225; x_wconf 87' lang='lat' dir='ltr'>fidibus</span> <span class='ocrx_word' id='word_1_152' title='bbox 1087 2161 1217 2243; x_wconf 87' lang='lat' dir='ltr'>pulsatis</span> <span class='ocrx_word' id='word_1_153' title='bbox 1337 2182 1340 2191; x_wconf 84' lang='lat'><strong>·</strong></span> 
     </span>
    </p>
   </div>
   <div class='ocr_carea' id='block_1_4' title="bbox 53 2266 1219 3952">
    <p class='ocr_par' dir='ltr' id='par_1_4' title="bbox 53 2266 1219 3952">
     <span class='ocr_line' id='line_1_19' title="bbox 56 2266 1217 2354; baseline -0.001 -19"><span class='ocrx_word' id='word_1_154' title='bbox 56 2271 148 2354; x_wconf 82' lang='lat' dir='ltr'>quasi</span> <span class='ocrx_word' id='word_1_155' title='bbox 169 2268 337 2344; x_wconf 79' lang='lat' dir='ltr'>eiceretur,</span> <span class='ocrx_word' id='word_1_156' title='bbox 357 2266 425 2350; x_wconf 89' lang='lat' dir='ltr'>pelli</span> <span class='ocrx_word' id='word_1_157' title='bbox 448 2266 553 2331; x_wconf 81' lang='lat' dir='ltr'>dixit«.</span> <span class='ocrx_word' id='word_1_158' title='bbox 593 2266 762 2333; x_wconf 85' lang='lat' dir='ltr'>Praeterea</span> <span class='ocrx_word' id='word_1_159' title='bbox 789 2266 899 2335; x_wconf 86' lang='lat' dir='ltr'>laudat</span> <span class='ocrx_word' id='word_1_160' title='bbox 920 2267 969 2346; x_wconf 91' lang='lat' dir='ltr'>Vl,</span> <span class='ocrx_word' id='word_1_161' title='bbox 990 2267 1064 2344; x_wconf 82' lang='lat'>310,</span> <span class='ocrx_word' id='word_1_162' title='bbox 1093 2268 1148 2332; x_wconf 93' lang='lat' dir='ltr'>ubi</span> <span class='ocrx_word' id='word_1_163' title='bbox 1173 2269 1217 2334; x_wconf 86' lang='lat' dir='ltr'>ad</span> 
     </span>
     <span class='ocr_line' id='line_1_20' title="bbox 55 2374 1217 2463; baseline -0.002 -20"><span class='ocrx_word' id='word_1_164' title='bbox 55 2376 236 2458; x_wconf 82' lang='lat' dir='ltr'>exemplum</span> <span class='ocrx_word' id='word_1_165' title='bbox 259 2375 392 2443; x_wconf 79' lang='lat' dir='ltr'>usitatae</span> <span class='ocrx_word' id='word_1_166' title='bbox 414 2374 571 2452; x_wconf 85' lang='lat' dir='ltr'>dictionis,</span> <span class='ocrx_word' id='word_1_167' title='bbox 594 2381 678 2463; x_wconf 82' lang='lat' dir='ltr'>quae</span> <span class='ocrx_word' id='word_1_168' title='bbox 702 2376 749 2438; x_wconf 91' lang='lat' dir='ltr'>est</span> <span class='ocrx_word' id='word_1_169' title='bbox 772 2374 890 2438; x_wconf 78' lang='lat' dir='ltr'>»vitam</span> <span class='ocrx_word' id='word_1_170' title='bbox 916 2375 968 2440; x_wconf 85' lang='lat' dir='ltr'>rel</span> <span class='ocrx_word' id='word_1_171' title='bbox 996 2376 1063 2443; x_wconf 85' lang='lat' dir='ltr'>iata</span> <span class='ocrx_word' id='word_1_172' title='bbox 1086 2375 1217 2441; x_wconf 85' lang='lat' dir='ltr'>abrum-</span> 
     </span>
     <span class='ocr_line' id='line_1_21' title="bbox 55 2480 1217 2568; baseline -0.001 -20"><span class='ocrx_word' id='word_1_173' title='bbox 55 2503 161 2568; x_wconf 79' lang='lat' dir='ltr'>pere«,</span> <span class='ocrx_word' id='word_1_174' title='bbox 182 2486 218 2547; x_wconf 94' lang='lat' dir='ltr'>ut</span> <span class='ocrx_word' id='word_1_175' title='bbox 237 2481 317 2550; x_wconf 85' lang='lat' dir='ltr'>Aen.</span> <span class='ocrx_word' id='word_1_176' title='bbox 338 2481 388 2560; x_wconf 91' lang='lat' dir='ltr'>IV,</span> <span class='ocrx_word' id='word_1_177' title='bbox 399 2482 478 2547; x_wconf 73' lang='lat'>6312</span> <span class='ocrx_word' id='word_1_178' title='bbox 498 2481 686 2564; x_wconf 85' lang='lat' dir='ltr'>abrumpere</span> <span class='ocrx_word' id='word_1_179' title='bbox 706 2480 818 2560; x_wconf 87' lang='lat' dir='ltr'>lucem,</span> <span class='ocrx_word' id='word_1_180' title='bbox 838 2482 879 2545; x_wconf 90' lang='lat' dir='ltr'>ib.</span> <span class='ocrx_word' id='word_1_181' title='bbox 902 2482 977 2560; x_wconf 89' lang='lat' dir='ltr'>VIII,</span> <span class='ocrx_word' id='word_1_182' title='bbox 992 2483 1069 2547; x_wconf 83' lang='lat'>579:</span> <span class='ocrx_word' id='word_1_183' title='bbox 1087 2482 1217 2547; x_wconf 85' lang='lat' dir='ltr'>abrum-</span> 
     </span>
     <span class='ocr_line' id='line_1_22' title="bbox 55 2584 1216 2675; baseline -0.001 -20"><span class='ocrx_word' id='word_1_184' title='bbox 55 2611 131 2675; x_wconf 87' lang='lat' dir='ltr'>pere</span> <span class='ocrx_word' id='word_1_185' title='bbox 158 2588 382 2668; x_wconf 68' lang='lat' dir='ltr'>vuambano</span> <span class='ocrx_word' id='word_1_186' title='bbox 410 2586 578 2653; x_wconf 85' lang='lat' dir='ltr'>dictionem</span> <span class='ocrx_word' id='word_1_187' title='bbox 605 2584 722 2655; x_wconf 87' lang='lat' dir='ltr'>habes:</span> <span class='ocrx_word' id='word_1_188' title='bbox 750 2608 860 2673; x_wconf 74' lang='lat' dir='ltr'>segnes</span> <span class='ocrx_word' id='word_1_189' title='bbox 888 2592 989 2652; x_wconf 87' lang='lat' dir='ltr'>metas</span> <span class='ocrx_word' id='word_1_190' title='bbox 1017 2588 1216 2671; x_wconf 86' lang='lat' dir='ltr'>abrumpere,</span> 
     </span>
     <span class='ocr_line' id='line_1_23' title="bbox 55 2690 1216 2777; baseline 0 -15"><span class='ocrx_word' id='word_1_191' title='bbox 55 2700 75 2762; x_wconf 90' lang='lat' dir='ltr'>i.</span> <span class='ocrx_word' id='word_1_192' title='bbox 97 2717 125 2763; x_wconf 89' lang='lat' dir='ltr'>e.</span> <span class='ocrx_word' id='word_1_193' title='bbox 148 2697 246 2774; x_wconf 80' lang='lat' dir='ltr'>vitae,</span> <span class='ocrx_word' id='word_1_194' title='bbox 273 2699 305 2765; x_wconf 91' lang='lat' dir='ltr'>et</span> <span class='ocrx_word' id='word_1_195' title='bbox 326 2694 396 2773; x_wconf 86' lang='lat' dir='ltr'>Vll,</span> <span class='ocrx_word' id='word_1_196' title='bbox 416 2695 495 2774; x_wconf 86' lang='lat'>533,</span> <span class='ocrx_word' id='word_1_197' title='bbox 516 2695 570 2759; x_wconf 89' lang='lat' dir='ltr'>ubi</span> <span class='ocrx_word' id='word_1_198' title='bbox 595 2690 753 2772; x_wconf 81' lang='lat' dir='ltr'>Velenus,</span> <span class='ocrx_word' id='word_1_199' title='bbox 781 2698 817 2759; x_wconf 91' lang='lat' dir='ltr'>ut</span> <span class='ocrx_word' id='word_1_200' title='bbox 839 2694 979 2761; x_wconf 91' lang='lat' dir='ltr'>Thilonis</span> <span class='ocrx_word' id='word_1_201' title='bbox 1006 2695 1108 2765; x_wconf 86' lang='lat' dir='ltr'>verbis</span> <span class='ocrx_word' id='word_1_202' title='bbox 1135 2701 1216 2777; x_wconf 87' lang='lat' dir='ltr'>utar,</span> 
     </span>
     <span class='ocr_line' id='line_1_24' title="bbox 56 2799 1218 2888; baseline 0.003 -21"><span class='ocrx_word' id='word_1_203' title='bbox 56 2804 244 2887; x_wconf 79' lang='lat' dir='ltr'>Vergilium,</span> <span class='ocrx_word' id='word_1_204' title='bbox 267 2801 429 2879; x_wconf 87' lang='lat' dir='ltr'>Ovidium,</span> <span class='ocrx_word' id='word_1_205' title='bbox 450 2801 539 2879; x_wconf 77' lang='lat' dir='ltr'>alioS,</span> <span class='ocrx_word' id='word_1_206' title='bbox 570 2801 625 2883; x_wconf 93' lang='lat' dir='ltr'>qui</span> <span class='ocrx_word' id='word_1_207' title='bbox 646 2799 753 2865; x_wconf 87' lang='lat' dir='ltr'>dolore</span> <span class='ocrx_word' id='word_1_208' title='bbox 780 2800 831 2867; x_wconf 91' lang='lat' dir='ltr'>vel</span> <span class='ocrx_word' id='word_1_209' title='bbox 851 2800 949 2865; x_wconf 87' lang='lat' dir='ltr'>animi</span> <span class='ocrx_word' id='word_1_210' title='bbox 973 2801 1112 2867; x_wconf 88' lang='lat' dir='ltr'>motibus</span> <span class='ocrx_word' id='word_1_211' title='bbox 1131 2805 1218 2888; x_wconf 86' lang='lat' dir='ltr'>carpi</span> 
     </span>
     <span class='ocr_line' id='line_1_25' title="bbox 56 2907 1219 2994; baseline -0.001 -17"><span class='ocrx_word' id='word_1_212' title='bbox 56 2911 194 2994; x_wconf 82' lang='lat' dir='ltr'>aliquem</span> <span class='ocrx_word' id='word_1_213' title='bbox 216 2913 300 2974; x_wconf 86' lang='lat' dir='ltr'>reete</span> <span class='ocrx_word' id='word_1_214' title='bbox 321 2909 484 2986; x_wconf 84' lang='lat' dir='ltr'>dixerunt,</span> <span class='ocrx_word' id='word_1_215' title='bbox 510 2909 614 2991; x_wconf 88' lang='lat' dir='ltr'>inepte</span> <span class='ocrx_word' id='word_1_216' title='bbox 632 2908 772 2975; x_wconf 77' lang='lat' dir='ltr'>imilatus</span> <span class='ocrx_word' id='word_1_217' title='bbox 793 2907 873 2975; x_wconf 87' lang='lat' dir='ltr'>haer</span> <span class='ocrx_word' id='word_1_218' title='bbox 893 2909 1012 2991; x_wconf 84' lang='lat' dir='ltr'>posuit:</span> <span class='ocrx_word' id='word_1_219' title='bbox 1034 2909 1099 2977; x_wconf 91' lang='lat' dir='ltr'>heu</span> <span class='ocrx_word' id='word_1_220' title='bbox 1119 2913 1219 2976; x_wconf 88' lang='lat' dir='ltr'>tantis</span> 
     </span>
     <span class='ocr_line' id='line_1_26' title="bbox 55 3015 1216 3103; baseline -0.001 -21"><span class='ocrx_word' id='word_1_221' title='bbox 55 3020 170 3085; x_wconf 83' lang='lat' dir='ltr'>iterum</span> <span class='ocrx_word' id='word_1_222' title='bbox 192 3015 350 3098; x_wconf 84' lang='lat' dir='ltr'>carpende</span> <span class='ocrx_word' id='word_1_223' title='bbox 371 3015 508 3103; x_wconf 88' lang='lat' dir='ltr'>periclis,</span> <span class='ocrx_word' id='word_1_224' title='bbox 527 3034 610 3101; x_wconf 84' lang='lat' dir='ltr'>quae</span> <span class='ocrx_word' id='word_1_225' title='bbox 630 3015 729 3080; x_wconf 83' lang='lat' dir='ltr'>rerba</span> <span class='ocrx_word' id='word_1_226' title='bbox 749 3015 808 3083; x_wconf 91' lang='lat' dir='ltr'>Ph.</span> <span class='ocrx_word' id='word_1_227' title='bbox 830 3015 1044 3098; x_wconf 49' lang='lat' dir='ltr'>Wagnerusq</span> <span class='ocrx_word' id='word_1_228' title='bbox 1065 3017 1216 3100; x_wconf 84' lang='lat' dir='ltr'>explicat:</span> 
     </span>
     <span class='ocr_line' id='line_1_27' title="bbox 56 3121 1217 3206; baseline -0.002 -15"><span class='ocrx_word' id='word_1_229' title='bbox 56 3124 215 3206; x_wconf 86' lang='lat' dir='ltr'>carpende</span> <span class='ocrx_word' id='word_1_230' title='bbox 244 3141 335 3199; x_wconf 85' lang='lat' dir='ltr'>cura,</span> <span class='ocrx_word' id='word_1_231' title='bbox 375 3141 472 3205; x_wconf 87' lang='lat' dir='ltr'>quam</span> <span class='ocrx_word' id='word_1_232' title='bbox 503 3122 641 3187; x_wconf 82' lang='lat' dir='ltr'>excitant</span> <span class='ocrx_word' id='word_1_233' title='bbox 669 3121 814 3205; x_wconf 75' lang='lat' dir='ltr'>periodo.</span> <span class='ocrx_word' id='word_1_234' title='bbox 878 3122 987 3189; x_wconf 66' lang='lat' dir='ltr'>›Nati‹</span> <span class='ocrx_word' id='word_1_235' title='bbox 1021 3126 1128 3189; x_wconf 87' lang='lat' dir='ltr'>autern</span> <span class='ocrx_word' id='word_1_236' title='bbox 1160 3143 1217 3206; x_wconf 92' lang='lat' dir='ltr'>pro</span> 
     </span>
     <span class='ocr_line' id='line_1_28' title="bbox 57 3228 1216 3313; baseline -0.001 -18"><span class='ocrx_word' id='word_1_237' title='bbox 57 3233 225 3297; x_wconf 80' lang='lat' dir='ltr'>»natorum</span> <span class='ocrx_word' id='word_1_238' title='bbox 247 3229 418 3295; x_wconf 81' lang='lat' dir='ltr'>memoria«</span> <span class='ocrx_word' id='word_1_239' title='bbox 441 3228 552 3293; x_wconf 87' lang='lat' dir='ltr'>eadem</span> <span class='ocrx_word' id='word_1_240' title='bbox 572 3228 726 3297; x_wconf 84' lang='lat' dir='ltr'>brevitate</span> <span class='ocrx_word' id='word_1_241' title='bbox 749 3229 868 3295; x_wconf 90' lang='lat' dir='ltr'>dictum</span> <span class='ocrx_word' id='word_1_242' title='bbox 891 3233 938 3294; x_wconf 88' lang='lat' dir='ltr'>est</span> <span class='ocrx_word' id='word_1_243' title='bbox 966 3234 1003 3294; x_wconf 89' lang='lat' dir='ltr'>ut</span> <span class='ocrx_word' id='word_1_244' title='bbox 1023 3230 1050 3308; x_wconf 84' lang='grc' dir='ltr'>Ι,</span> <span class='ocrx_word' id='word_1_245' title='bbox 1071 3230 1131 3295; x_wconf 84' lang='grc'>696</span> <span class='ocrx_word' id='word_1_246' title='bbox 1152 3251 1216 3313; x_wconf 81' lang='lat' dir='ltr'>sq:</span> 
     </span>
     <span class='ocr_line' id='line_1_29' title="bbox 56 3336 1216 3420; baseline -0.004 -13"><span class='ocrx_word' id='word_1_247' title='bbox 56 3337 226 3420; x_wconf 82' lang='lat' dir='ltr'>medioque</span> <span class='ocrx_word' id='word_1_248' title='bbox 246 3336 427 3404; x_wconf 89' lang='lat' dir='ltr'>incrimine</span> <span class='ocrx_word' id='word_1_249' title='bbox 448 3339 572 3418; x_wconf 83' lang='lat' dir='ltr'>patrem</span> <span class='ocrx_word' id='word_1_250' title='bbox 594 3336 805 3419; x_wconf 68' lang='lat' dir='ltr'>liquentie.</span> <span class='ocrx_word' id='word_1_251' title='bbox 827 3336 860 3401; x_wconf 91' lang='lat' dir='ltr'>in</span> <span class='ocrx_word' id='word_1_252' title='bbox 881 3336 1017 3401; x_wconf 92' lang='lat' dir='ltr'>criminis</span> <span class='ocrx_word' id='word_1_253' title='bbox 1031 3337 1216 3419; x_wconf 88' lang='lat' dir='ltr'>suspicione.</span> 
     </span>
     <span class='ocr_line' id='line_1_30' title="bbox 58 3442 1216 3527; baseline 0 -18"><span class='ocrx_word' id='word_1_254' title='bbox 58 3443 110 3522; x_wconf 82' lang='lat' dir='ltr'>Vl,</span> <span class='ocrx_word' id='word_1_255' title='bbox 127 3443 188 3509; x_wconf 70' lang='lat'>297</span> <span class='ocrx_word' id='word_1_256' title='bbox 211 3463 275 3525; x_wconf 78' lang='lat' dir='ltr'>sq.r</span> <span class='ocrx_word' id='word_1_257' title='bbox 297 3443 394 3527; x_wconf 88' lang='lat' dir='ltr'>patris</span> <span class='ocrx_word' id='word_1_258' title='bbox 414 3443 595 3519; x_wconf 88' lang='lat' dir='ltr'>immemor,</span> <span class='ocrx_word' id='word_1_259' title='bbox 627 3463 702 3525; x_wconf 87' lang='lat' dir='ltr'>pro:</span> <span class='ocrx_word' id='word_1_260' title='bbox 733 3442 925 3508; x_wconf 88' lang='lat' dir='ltr'>monitorum</span> <span class='ocrx_word' id='word_1_261' title='bbox 951 3443 1059 3524; x_wconf 86' lang='lat' dir='ltr'>patris.</span> <span class='ocrx_word' id='word_1_262' title='bbox 1101 3444 1138 3522; x_wconf 88' lang='lat' dir='ltr'>V,</span> <span class='ocrx_word' id='word_1_263' title='bbox 1157 3445 1216 3509; x_wconf 69' lang='lat' dir='ltr'>Ii:</span> 
     </span>
     <span class='ocr_line' id='line_1_31' title="bbox 57 3549 1216 3631; baseline 0.003 -17"><span class='ocrx_word' id='word_1_264' title='bbox 57 3549 107 3621; x_wconf 92' lang='lat' dir='ltr'>ille</span> <span class='ocrx_word' id='word_1_265' title='bbox 126 3569 235 3615; x_wconf 88' lang='lat' dir='ltr'>recens</span> <span class='ocrx_word' id='word_1_266' title='bbox 256 3550 351 3620; x_wconf 85' lang='lat' dir='ltr'>oculis</span> <span class='ocrx_word' id='word_1_267' title='bbox 369 3550 537 3615; x_wconf 87' lang='lat' dir='ltr'>intervolat</span> <span class='ocrx_word' id='word_1_268' title='bbox 559 3549 683 3627; x_wconf 86' lang='lat' dir='ltr'>Idmon,</span> <span class='ocrx_word' id='word_1_269' title='bbox 702 3549 721 3612; x_wconf 91' lang='lat' dir='ltr'>i.</span> <span class='ocrx_word' id='word_1_270' title='bbox 733 3569 759 3614; x_wconf 93' lang='lat' dir='ltr'>e.</span> <span class='ocrx_word' id='word_1_271' title='bbox 780 3550 887 3631; x_wconf 80' lang='lat' dir='ltr'>imago</span> <span class='ocrx_word' id='word_1_272' title='bbox 901 3551 967 3616; x_wconf 89' lang='lat' dir='ltr'>eius</span> <span class='ocrx_word' id='word_1_273' title='bbox 988 3550 1036 3616; x_wconf 88' lang='lat' dir='ltr'>vel</span> <span class='ocrx_word' id='word_1_274' title='bbox 1054 3553 1216 3618; x_wconf 85' lang='lat' dir='ltr'>memoria.</span> 
     </span>
     <span class='ocr_line' id='line_1_32' title="bbox 55 3655 1218 3739; baseline 0.004 -18"><span class='ocrx_word' id='word_1_275' title='bbox 55 3655 177 3738; x_wconf 78' lang='lat' dir='ltr'>Thilo⁶)</span> <span class='ocrx_word' id='word_1_276' title='bbox 198 3657 332 3721; x_wconf 91' lang='lat' dir='ltr'>nimium</span> <span class='ocrx_word' id='word_1_277' title='bbox 353 3656 437 3728; x_wconf 80' lang='lat' dir='ltr'>hanc</span> <span class='ocrx_word' id='word_1_278' title='bbox 457 3657 644 3723; x_wconf 87' lang='lat' dir='ltr'>brevitatem</span> <span class='ocrx_word' id='word_1_279' title='bbox 664 3657 822 3739; x_wconf 88' lang='lat' dir='ltr'>vituperat</span> <span class='ocrx_word' id='word_1_280' title='bbox 844 3657 893 3722; x_wconf 89' lang='lat' dir='ltr'>his</span> <span class='ocrx_word' id='word_1_281' title='bbox 908 3657 1025 3727; x_wconf 87' lang='lat' dir='ltr'>verbis:</span> <span class='ocrx_word' id='word_1_282' title='bbox 1049 3659 1095 3722; x_wconf 80' lang='lat' dir='ltr'>»ei</span> <span class='ocrx_word' id='word_1_283' title='bbox 1116 3659 1218 3726; x_wconf 92' lang='lat' dir='ltr'>brevi·</span> 
     </span>
     <span class='ocr_line' id='line_1_33' title="bbox 53 3763 1214 3850; baseline 0.003 -20"><span class='ocrx_word' id='word_1_284' title='bbox 53 3764 132 3837; x_wconf 85' lang='lat' dir='ltr'>tatis</span> <span class='ocrx_word' id='word_1_285' title='bbox 149 3763 256 3847; x_wconf 76' lang='lat' dir='ltr'>generi</span> <span class='ocrx_word' id='word_1_286' title='bbox 277 3768 371 3846; x_wconf 85' lang='lat' dir='ltr'>poeta</span> <span class='ocrx_word' id='word_1_287' title='bbox 389 3763 527 3843; x_wconf 86' lang='lat' dir='ltr'>studuit,</span> <span class='ocrx_word' id='word_1_288' title='bbox 557 3763 643 3850; x_wconf 91' lang='lat' dir='ltr'>quod</span> <span class='ocrx_word' id='word_1_289' title='bbox 669 3767 797 3850; x_wconf 89' lang='lat' dir='ltr'>propter</span> <span class='ocrx_word' id='word_1_290' title='bbox 824 3765 1048 3831; x_wconf 86' lang='lat' dir='ltr'>obscuritatem</span> <span class='ocrx_word' id='word_1_291' title='bbox 1069 3765 1214 3833; x_wconf 80' lang='lat' dir='ltr'>vitiosum</span> 
     </span>
     <span class='ocr_line' id='line_1_34' title="bbox 53 3870 1214 3952; baseline 0.005 -18"><span class='ocrx_word' id='word_1_292' title='bbox 53 3875 103 3945; x_wconf 83' lang='lat' dir='ltr'>est</span> <span class='ocrx_word' id='word_1_293' title='bbox 127 3874 159 3934; x_wconf 91' lang='lat' dir='ltr'>et</span> <span class='ocrx_word' id='word_1_294' title='bbox 179 3870 336 3952; x_wconf 89' lang='lat' dir='ltr'>scriptoris</span> <span class='ocrx_word' id='word_1_295' title='bbox 354 3873 411 3935; x_wconf 88' lang='lat' dir='ltr'>aut</span> <span class='ocrx_word' id='word_1_296' title='bbox 432 3871 608 3936; x_wconf 78' lang='lat' dir='ltr'>festinantis</span> <span class='ocrx_word' id='word_1_297' title='bbox 628 3870 762 3936; x_wconf 88' lang='lat' dir='ltr'>nimium</span> <span class='ocrx_word' id='word_1_298' title='bbox 780 3874 836 3939; x_wconf 81' lang='lat' dir='ltr'>aut</span> <span class='ocrx_word' id='word_1_299' title='bbox 855 3872 994 3940; x_wconf 82' lang='lat' dir='ltr'>iudicare</span> <span class='ocrx_word' id='word_1_300' title='bbox 1019 3873 1214 3939; x_wconf 76' lang='lat' dir='ltr'>nescientis«.</span> 
     </span>
    </p>
   </div>
   <div class='ocr_carea' id='block_1_5' title="bbox 55 4016 1214 4179">
    <p class='ocr_par' dir='ltr' id='par_1_5' title="bbox 55 4016 1214 4179">
     <span class='ocr_line' id='line_1_35' title="bbox 165 4016 1214 4088; baseline 0.003 -18"><span class='ocrx_word' id='word_1_301' title='bbox 165 4016 186 4086; x_wconf 74' lang='grc'>1)</span> <span class='ocrx_word' id='word_1_302' title='bbox 206 4016 286 4070; x_wconf 86' lang='lat' dir='ltr'>John.</span> <span class='ocrx_word' id='word_1_303' title='bbox 305 4034 369 4070; x_wconf 87' lang='lat' dir='ltr'>aun.</span> <span class='ocrx_word' id='word_1_304' title='bbox 395 4016 413 4071; x_wconf 96' lang='lat' dir='ltr'>l.</span> <span class='ocrx_word' id='word_1_305' title='bbox 432 4017 450 4071; x_wconf 94' lang='lat' dir='ltr'>l.</span> <span class='ocrx_word' id='word_1_306' title='bbox 476 4034 502 4086; x_wconf 90' lang='lat' dir='ltr'>p.</span> <span class='ocrx_word' id='word_1_307' title='bbox 521 4017 580 4071; x_wconf 85' lang='lat'>383.</span> <span class='ocrx_word' id='word_1_308' title='bbox 599 4047 631 4056; x_wconf 86' lang='lat'>——</span> <span class='ocrx_word' id='word_1_309' title='bbox 653 4017 744 4087; x_wconf 74' lang='lat' dir='ltr'>²)l.1.</span> <span class='ocrx_word' id='word_1_310' title='bbox 771 4037 797 4087; x_wconf 90' lang='lat' dir='ltr'>p.</span> <span class='ocrx_word' id='word_1_311' title='bbox 813 4020 854 4073; x_wconf 80' lang='grc'>34.</span> <span class='ocrx_word' id='word_1_312' title='bbox 873 4051 905 4058; x_wconf 87' lang='grc'>--</span> <span class='ocrx_word' id='word_1_313' title='bbox 924 4018 945 4087; x_wconf 85' lang='lat'>⁸)</span> <span class='ocrx_word' id='word_1_314' title='bbox 965 4017 1033 4087; x_wconf 87' lang='lat' dir='ltr'>prol.</span> <span class='ocrx_word' id='word_1_315' title='bbox 1059 4037 1085 4088; x_wconf 89' lang='lat' dir='ltr'>p.</span> <span class='ocrx_word' id='word_1_316' title='bbox 1104 4019 1162 4076; x_wconf 88' lang='lat' dir='ltr'>XV.</span> <span class='ocrx_word' id='word_1_317' title='bbox 1182 4050 1214 4059; x_wconf 87' lang='lat'><em>-</em></span> 
     </span>
     <span class='ocr_line' id='line_1_36' title="bbox 55 4103 785 4179; baseline 0 -19"><span class='ocrx_word' id='word_1_318' title='bbox 55 4108 78 4179; x_wconf 81' lang='lat'>⁴)</span> <span class='ocrx_word' id='word_1_319' title='bbox 96 4105 181 4161; x_wconf 80' lang='lat' dir='ltr'>Jahn.</span> <span class='ocrx_word' id='word_1_320' title='bbox 198 4120 264 4158; x_wconf 82' lang='lat' dir='ltr'>ann.</span> <span class='ocrx_word' id='word_1_321' title='bbox 283 4103 302 4158; x_wconf 93' lang='lat' dir='ltr'>l.</span> <span class='ocrx_word' id='word_1_322' title='bbox 321 4103 339 4157; x_wconf 94' lang='lat' dir='ltr'>l.</span> <span class='ocrx_word' id='word_1_323' title='bbox 360 4121 387 4173; x_wconf 90' lang='lat' dir='ltr'>p.</span> <span class='ocrx_word' id='word_1_324' title='bbox 406 4104 467 4159; x_wconf 88' lang='lat'>383.</span> <span class='ocrx_word' id='word_1_325' title='bbox 487 4135 519 4144; x_wconf 87' lang='lat'>-</span> <span class='ocrx_word' id='word_1_326' title='bbox 541 4103 562 4174; x_wconf 80' lang='lat'>⁵)</span> <span class='ocrx_word' id='word_1_327' title='bbox 580 4104 648 4174; x_wconf 89' lang='lat' dir='ltr'>prol.</span> <span class='ocrx_word' id='word_1_328' title='bbox 667 4123 693 4175; x_wconf 89' lang='lat' dir='ltr'>p.</span> <span class='ocrx_word' id='word_1_329' title='bbox 713 4104 785 4161; x_wconf 89' lang='lat' dir='ltr'>XVI.</span> 
     </span>
    </p>
   </div>
   <div class='ocr_carea' id='block_1_6' title="bbox 0 0 1423 4778">
    <p class='ocr_par' dir='ltr' id='par_1_6' title="bbox 0 0 1423 4778">
     <span class='ocr_line' id='line_1_37' title="bbox 0 0 1423 4778; baseline 0 0"><span class='ocrx_word' id='word_1_330' title='bbox 0 0 1423 4778; x_wconf 95' lang='lat' dir='ltr'> </span> 
     </span>
    </p>
   </div>
  </div>
 </body>
</html>
