2828 4778
633 310 673 374 37

69 493 237 554 certantes
279 491 316 568 V,
338 489 416 553 644ε
439 488 572 553 donaria
593 492 723 553 certant.
767 489 789 565 1,
812 489 872 551 753
887 508 952 570 sq.:
973 489 1095 553 horruit
1115 489 1236 552 maesta

68 597 193 661 domus.
225 595 346 660 Similes
366 595 426 660 loci
440 595 564 676 Vergilii
585 598 709 659 exstant
727 595 807 658 Aen.
820 595 855 671 Π,
870 595 931 658 487
947 614 1012 677 sq.:
1034 594 1236 678 plangoribus

67 704 164 768 aedes
184 703 326 768 femineis
347 702 484 781 ululant,
505 702 557 779 XI,
583 703 640 766 38:
669 706 853 784 maestoque
881 702 1014 782 inmugit
1038 701 1122 782 regia
1140 701 1236 777 luctu,

67 810 208 887 lucca:
230 812 314 874 tecta
332 810 480 886 fremunt,
504 808 566 886 Vll,
577 809 654 887 343,
678 809 754 886 VIII,
774 809 852 885 413,
875 807 923 886 ΠΙ,
941 808 1019 885 536,
1040 808 1103 885 Vll,
1117 808 1234 872 740.—

68 917 138 981 Val.
165 917 187 992 Ι,
226 916 287 979 433
316 936 380 997 sq.:
430 915 523 979 solvit
568 914 666 978 fibula
709 919 811 978 vestes
859 914 1059 996 ostenditque
1100 933 1235 978 umeros.

67 1024 225 1104 Reisigius
239 1023 261 1104 ¹)
290 1026 374 1086 recte
403 1025 531 1100 monet,
573 1020 705 1085 fibulam
731 1025 800 1085 tum
829 1021 977 1100 demum,
1014 1022 1037 1084 si
1066 1021 1234 1099 adimatur,

67 1135 173 1195 vestes
194 1129 357 1193 resolvere.
399 1128 495 1211 Apud
516 1127 686 1210 Vergilium
708 1128 824 1193 fibulae
841 1128 1071 1210 personiiicatio
1092 1131 1140 1191 est
1154 1128 1234 1192 Aen.

68 1237 207 1315 lV‚l39:
229 1255 327 1301 aurea
349 1253 540 1317 purpuream
562 1236 719 1299 subnectit
739 1236 838 1299 fibula
859 1238 988 1299 vestem.
1020 1234 1083 1312 VII,
1099 1235 1234 1316 815⁸sqa

71 1344 172 1408 fibula
197 1343 315 1407 crinem
353 1361 431 1406 auro
467 1342 664 1407 internectat.
713 1342 779 1419 ΧΠ,
801 1342 878 1405 374ε
908 1341 1043 1406 laterum
1074 1341 1236 1406 iuncturas

73 1450 172 1514 fibula
198 1449 330 1513 mordet.
948 1504 950 1509 .

155 1555 297 1638 Denique
318 1554 455 1619 breviter
476 1554 693 1619 disserendum
715 1557 762 1619 est
780 1554 820 1620 de
833 1557 1105 1638 personificatione
1126 1577 1237 1621 earum

72 1683 193 1741 rerum,
227 1683 310 1746 quae
338 1662 398 1726 sub
424 1681 534 1726 sensus
560 1680 626 1725 non
654 1662 786 1742 cadunt,
822 1663 877 1727 sed
908 1664 1015 1730 animo
1048 1667 1173 1729 tantum
1206 1668 1238 1729 et

72 1771 260 1853 cogitatione
288 1769 467 1833 formantur
495 1771 527 1831 et
553 1767 873 1851 comprehenduntur.
927 1770 949 1848 l,
978 1771 1017 1834 77
1045 1790 1109 1853 sq.:
1131 1770 1237 1835 Gloria

71 1878 223 1944 immunis
248 1879 392 1941 senectae
420 1878 484 1939 stat
512 1876 703 1959 iuvenesque
728 1880 830 1942 vocat.
872 1877 1018 1941 Similiter
1038 1878 1073 1956 Π,
1096 1879 1158 1942 304
1167 1899 1236 1962 sqq.

71 1986 192 2061 Pavor,
226 1981 405 2061 Discordia,
446 1981 514 2047 lrae
542 2001 749 2064 personarum
777 1983 846 2047 loco
877 1987 970 2061 sunt,
1004 2004 1086 2066 quae
1116 2005 1165 2049 res
1190 1989 1237 2049 est

70 2090 243 2169 notissima.
285 2090 340 2154 cfr.
362 2088 413 2167 Vl,
427 2090 487 2153 398
513 2109 582 2172 sqq.
630 2089 702 2153 Alia
734 2089 878 2173 exempla
909 2090 1008 2156 habes
1036 2092 1057 2169 Ι,
1083 2092 1143 2155 677
1170 2112 1235 2174 sq.:

71 2199 202 2262 meritas
222 2196 280 2260 tibi
301 2196 453 2278 plurimus
474 2215 547 2260 aras
568 2196 667 2279 pascit
688 2196 798 2260 honos.
840 2197 905 2273 Vll,
927 2199 964 2261 A:
984 2202 1016 2262 te
1043 2202 1097 2263 tua
1120 2198 1237 2279 gaudia

73 2306 264 2388 relinquunt.
285 2302 335 2381 IV,
345 2304 423 2367 292:
446 2303 566 2367 subitas
583 2303 662 2367 dant
679 2304 796 2385 gaudia
817 2323 919 2368 voces.
962 2304 1024 2383 Vll,
1035 2305 1113 2369 295:
1134 2305 1238 2387 pudor

75 2412 173 2477 verba
193 2429 316 2475 cavens.
358 2411 399 2474 ib.
421 2411 499 2473 514:
521 2410 613 2475 deicit
633 2411 739 2475 vultus
760 2430 855 2493 aeger
875 2412 994 2495 pudor,
1014 2412 1096 2476 Aen.
1113 2411 1236 2489 vjlaa:

73 2519 177 2601 pudor
197 2518 335 2582 incendit
355 2519 445 2582 vires.
487 2518 555 2582 Val.
574 2517 623 2596 lli,
646 2519 722 2581 359:
742 2519 871 2600 pervigil
891 2520 1045 2602 planctus,
1088 2518 1138 2597 IV,
1162 2518 1234 2583 147:

72 2644 158 2690 mors
179 2624 311 2689 habitat.
332 2624 396 2702 Vll,
413 2625 488 2688 142:
511 2627 658 2689 miserata
679 2625 777 2708 quies.
819 2626 868 2703 Vl,
882 2627 958 2690 698:
978 2626 1054 2708 tuga
1070 2645 1237 2690 conversas

72 2731 192 2814 spargit
213 2732 346 2796 mentita
366 2733 513 2814 sagittas,
534 2732 588 2796 ubi
610 2733 685 2814 fuga
705 2733 791 2798 velut
810 2734 882 2797 viva
904 2753 924 2797 a
944 2737 1039 2815 poeta
1058 2733 1237 2816 adspicitur.

73 2838 221 2902 Similiter
241 2838 321 2902 Aen.
342 2837 378 2915 V,
388 2838 463 2902 429:
485 2857 692 2920 pugnamque
714 2838 878 2903 lacessunt.
891 2840 1006 2904 -Val
1020 2840 1042 2916 Ι,
1054 2841 1129 2903 411:
1151 2841 1237 2904 fama

72 2964 141 3009 non
167 2948 214 3007 est
238 2944 379 3026 decepta.
421 2944 457 3021 ΙΙ,
481 2945 558 3007 618;
592 2945 715 3009 adversi
743 2945 856 3027 longus
886 2946 975 3011 labor
1001 2946 1133 3011 abscidit
1157 2947 1236 3025 aevi,

74 3050 156 3131 Aen.
184 3049 236 3126 XI,
263 3049 324 3113 435
341 3069 406 3132 sq.:
439 3051 540 3114 multa
571 3049 638 3114 dies
666 3051 835 3134 variusque
868 3053 957 3116 labor
982 3054 1140 3117 mutabilis
1169 3054 1238 3117 aevi

75 3156 194 3221 rettulit
212 3157 245 3220 in
270 3156 398 3236 melius,
430 3158 471 3221 ib.
494 3157 558 3235 XII,
569 3158 645 3222 727:
676 3178 773 3241 quem
800 3159 932 3224 damnet
959 3159 1057 3224 labor.
1098 3159 1165 3223 Val.
1187 3159 1236 3237 lv,

74 3263 138 3327 489
159 3283 223 3346 sq.:
251 3265 282 3327 te
304 3264 408 3327 exedit
436 3265 526 3330 labor
547 3268 579 3328 et
599 3268 754 3329 senectus.
795 3265 844 3344 ΙΙΙ,
856 3267 934 3330 338ι
963 3264 1123 3349 plangeret
1144 3286 1237 3331 error.

75 3371 116 3435 ib.
137 3371 198 3434 613
219 3390 282 3453 sq.:
304 3372 431 3452 iamque
453 3391 563 3435 morae
587 3372 755 3454 impatiens
775 3375 960 3437 cunctantes
982 3373 1122 3455 increpat
1142 3392 1238 3437 ausus

76 3477 204 3561 Tiphys
254 3478 359 3542 Ausus
391 3482 482 3556 sunt,
523 3483 558 3543 ut
592 3479 685 3544 Thilo
697 3480 721 3561 2)
757 3479 910 3562 explicat,
954 3480 1004 3543 cui
1030 3481 1151 3545 accedit
1177 3480 1238 3545 Ph.

75 3583 306 3667 Wagnerus³)‚
346 3605 394 3649 res
420 3585 462 3649 ab
489 3587 681 3668 Argonautis
710 3592 888 3669 susceptae,
935 3607 1017 3670 quae
1052 3590 1238 3653 cunctantes

75 3692 239 3769 dicuntur,
261 3692 336 3775 quia
355 3692 509 3758 audentes
528 3697 727 3759 cunctantur.
769 3695 978 3759 Baehrensius
1008 3714 1140 3758 »ausus«
1163 3715 1238 3777 par·

73 3799 214 3881 ticipium
238 3799 419 3882 intellegens
442 3802 555 3866 ›orsis‹
576 3803 706 3884 scripsit.
749 3803 855 3867 Ausus
874 3803 997 3884 inepte,
1021 3800 1139 3883 inquit,
1161 3801 1237 3884 quid

75 3957 271 3968 ---——-

149 4043 170 4111 ¹)
188 4043 350 4115 Vorlesung.
370 4045 414 4099 iib.
433 4045 483 4100 lat.
502 4046 763 4117 Spraohwissensch.
782 4066 807 4116 p.
816 4047 874 4102 306.
895 4077 922 4085 -
950 4047 970 4116 'l
990 4045 1058 4115 prol.
1078 4063 1103 4118 p.
1123 4044 1237 4101 XIV.-

77 4131 99 4201 ¹)
118 4129 198 4184 Iahn.
216 4147 279 4184 ann.
298 4130 317 4185 l.
336 4131 354 4186 l.
373 4150 399 4202 p.
418 4133 476 4187 383.
