2828 4778
791 251 831 316 10

225 427 293 492 Val.
314 427 351 506 V,
368 428 450 493 565:
481 427 583 511 qualis
603 429 645 495 ab
665 429 793 495 Oceano
811 429 976 495 volucrum
995 428 1111 493 chorus
1132 427 1262 493 aethera
1279 430 1384 493 vestit.

228 534 434 600 »Volucrum«
456 537 541 600 euim
561 537 770 602 Baehrensius
790 557 847 620 pro
863 536 1034 601 ›nitidum‹
1051 535 1180 618 scripsit,
1201 525 1298 618 etque
1312 555 1383 616 ego,

226 661 299 708 cum
326 641 431 707 stellas
459 644 558 708 multo
579 643 698 708 facilius
725 663 824 726 quam
842 662 918 708 ares
939 642 1070 708 aethera
1089 643 1200 707 vestire
1227 640 1288 705 diri
1316 660 1385 707 non

226 747 384 831 ignorem,
403 761 476 814 cum
495 766 535 815 eo
555 751 654 829 iacto,
678 751 767 833 quod
787 750 893 815 similis
914 752 1020 832 imago
1038 749 1172 832 Vergilio
1190 749 1307 814 usitata
1328 753 1385 814 est

225 854 353 938 legitur
372 857 457 920 enim
484 857 564 921 lien.
586 856 651 935 VII,
676 857 739 921 704
757 877 822 939 sq:
862 858 983 922 aeriam
1010 856 1066 922 sed
1096 857 1216 938 gurgite
1246 856 1288 920 ab
1320 857 1386 922 alto

227 963 354 1044 urgueri
368 963 530 1028 volucrum
553 976 721 1028 raucamm
743 964 785 1028 ad
803 964 894 1029 litora
907 963 1036 1042 nubem,
1057 963 1122 1040 Xll,
1138 961 1216 1028 253:
1238 964 1387 1028 aethera—

228 1089 290 1154 que
311 1070 482 1135 obscurant
502 1070 618 1153 pinnis,
640 1071 680 1135 ib.
702 1072 778 1136 578:
803 1071 997 1135 obumbrant
1017 1070 1147 1135 aethera
1168 1070 1245 1135 telis.
1287 1071 1388 1137 Prae-

226 1181 312 1243 terea
331 1179 357 1241 si
372 1177 599 1242 Baehrensium
612 1180 783 1262 sequimur,
795 1196 931 1262 sequens
945 1193 1061 1256 versus,
1084 1177 1120 1256 V,
1135 1179 1215 1243 56&
1238 1177 1387 1261 qualibus

227 1285 401 1366 adsurgens
428 1304 492 1350 nox
517 1305 615 1349 aurea
632 1286 767 1368 cingitur
787 1286 893 1365 astris,
921 1302 993 1350 eum
1014 1284 1200 1350 Schenkelio
1228 1285 1316 1349 uncis
1338 1285 1387 1349 in·

228 1391 401 1459 eludendus
422 1404 487 1455 uon
507 1394 562 1456 est.
596 1391 662 1456 Iam
680 1392 832 1456 Bulaeus:
856 1391 921 1456 Nisi
937 1393 1025 1470 forte,
1048 1391 1159 1475 inquit,
1181 1409 1263 1455 unus
1276 1408 1388 1474 super·

228 1499 312 1576 iluit,
335 1519 356 1562 a
376 1499 549 1580 glossatore
569 1499 715 1577 insertus,
743 1500 800 1563 aut
821 1510 842 1564 a
864 1502 958 1582 poeta
978 1499 1107 1582 quidem
1129 1499 1246 1576 iactus,
1274 1498 1330 1562 sed
1353 1503 1390 1563 ut

228 1606 393 1688 eligeretur
418 1625 436 1670 e
457 1605 599 1685 duobus,
631 1607 685 1690 qui
713 1607 753 1670 sit
777 1606 923 1689 optimus.
964 1605 1092 1670 Heinsio
1122 1620 1249 1689 quoque
1278 1622 1390 1670 versus

227 1713 289 1778 566
314 1714 477 1795 suspectus
503 1716 582 1778 erat.
624 1713 797 1778 Mutatione
825 1717 932 1778 autem
960 1712 1143 1777 Baehrensii
1168 1712 1277 1777 omnia
1303 1715 1389 1778 recte

228 1838 261 1884 se
289 1818 420 1897 habent,
452 1819 720 1903 Valerianumque
740 1838 834 1884 usum
856 1820 984 1884 minime
1015 1820 1057 1884 ab
1085 1819 1146 1884 hac
1167 1820 1302 1884 audacia
1329 1821 1390 1884 ‘rab-¹

228 1924 356 1991 horrere
385 1929 472 2008 puto.
513 1926 576 1991 Sed
604 1926 646 1991 ad
669 1926 783 1991 similes
805 1926 919 1991 Valerii
947 1925 1167 1991 translationes
1195 1927 1299 1991 redeo.
1336 1927 1387 2005 lV,

230 2033 307 2098 395:
329 2031 362 2096 in
382 2031 514 2098 miserae
536 2043 642 2097 rursus
663 2033 752 2098 bovis
771 2053 829 2098 ora
851 2033 992 2111 recurrit,
1014 2032 1033 2097 i.
1053 2053 1080 2098 e.
1103 2028 1232 2098 resumit
1252 2035 1388 2098 formam

228 2141 388 2205 iuvencae.
420 2139 459 2203 ib.
476 2140 553 2204 357:
575 2142 644 2203 tum
658 2139 782 2222 trepida
805 2139 952 2205 Inachiae
973 2139 1083 2222 paelex
1102 2139 1186 2204 subit
1206 2159 1263 2203 ora
1278 2139 1390 2203 iuven-

229 2267 299 2326 cae,
328 2247 347 2310 i.
369 2265 396 2310 e.
424 2246 458 2310 Io
485 2246 608 2329 trepida
636 2247 771 2310 formam
799 2245 946 2311 Inachiae
975 2247 1125 2311 iuvencae
1156 2246 1264 2310 induit.
1302 2245 1326 2310 J.
1349 2247 1389 2311 A.

229 2355 408 2436 Wagnerus
427 2358 527 2430 errat,
550 2372 622 2417 cum
643 2353 731 2417 huno
749 2353 855 2418 locum
877 2352 1026 2435 explieat:
1062 2352 1196 2430 blanda,
1218 2372 1301 2435 quae
1323 2353 1391 2435 pel·

229 2461 302 2540 licit,
323 2460 402 2525 Iuno
423 2480 548 2543 nempe,
569 2459 697 2542 propius
716 2459 759 2523 ad
780 2479 852 2523 eam
873 2459 1002 2523 accedit.
1038 2459 1118 2524 Iuno
1138 2464 1247 2524 autem
1269 2461 1391 2544 paelex,

228 2572 265 2634 ut
285 2569 349 2633 iam
367 2568 540 2633 Lemairius
560 2567 654 2646 vidit,
677 2586 773 2650 quem
793 2585 895 2648 nuper
910 2566 1128 2631 Loehbaohius
1140 2565 1164 2649 1)
1185 2570 1311 2631 secutus
1331 2573 1392 2648 est,

229 2693 357 2758 prorsus
378 2675 535 2741 nominari
557 2694 622 2739 non
643 2677 755 2757 potest.

312 2806 500 2888 »Implerem
529 2807 632 2871 Etiam
654 2807 740 2888 apud
762 2805 912 2889 pedestris
934 2806 1083 2871 orationis
1103 2805 1266 2888 scriptores
1286 2808 1391 2869 trans-

114 2954 117 2960 ·
229 2913 361 2978 lationes
380 2913 474 2976 huius
495 2914 582 2976 verbi
610 2932 676 2976 non
704 2932 827 2995 paucae
847 2917 987 2991 exstant,
1014 2933 1034 2976 a
1055 2912 1189 2994 Vergilio
1218 2915 1250 2976 et
1267 2911 1393 2977 Valerio

231 3020 323 3086 valde
344 3023 502 3084 amantur.
537 3019 606 3083 Hae
619 3023 694 3084 sunt
709 3020 923 3101 gravissimae:
952 3018 988 3096 ll,
1005 3019 1079 3083 126:
1101 3019 1185 3084 hano
1200 3019 1247 3082 his
1261 3019 1392 3084 vocibus

230 3126 352 3211 implet,
382 3129 401 3190 i.
418 3145 445 3190 e.
472 3130 562 3208 urget
583 3125 633 3189 vel
653 3126 802 3191 stimulat.
844 3126 884 3189 ib.
908 3125 982 3190 167:
1010 3129 1079 3190 tum
1102 3145 1178 3190 voce
1201 3126 1292 3203 deos,
1321 3129 1392 3191 tum

231 3234 392 3321 questibus
418 3234 558 3317 implent.
603 3233 660 3312 VI,
683 3233 762 3298 726:
795 3234 919 3298 caelum
952 3234 1113 3317 questibus
1142 3234 1260 3317 implet.
1301 3233 1391 3299 Idem

232 3349 279 3409 est
295 3343 385 3423 Verg.
402 3343 483 3408 Aen.
499 3341 634 3420 lxmtto.
652 3376 691 3386 -
713 3341 782 3406 Val.
795 3341 845 3419 IV,
862 3342 921 3406 81:
945 3341 1083 3407 alacrem
1103 3342 1191 3406 laetis
1213 3342 1392 3406 hortatibus

232 3454 349 3537 implet.
382 3451 432 3530 Vl,
449 3450 527 3514 630:
549 3449 662 3514 animis
678 3451 867 3514 moriturum
889 3449 1068 3532 ingentibus
1087 3447 1206 3530 implet.
1244 3448 1394 3513 Similiter

232 3562 344 3643 legitur
370 3561 450 3625 Aen.
479 3558 545 3636 Vll,
572 3558 650 3622 475:
689 3558 826 3625 Rutulos
854 3559 967 3623 animis
995 3556 1168 3622 audacibus
1195 3555 1312 3636 implet.
1349 3555 1392 3620 ib.

232 3668 281 3746 Ill,
301 3669 381 3733 tau:
408 3667 551 3731 animum
573 3666 598 3730 si
619 3666 700 3730 veris
721 3666 829 3748 implet
851 3665 974 3748 Apollo.
989 3698 1029 3709 ·-
1047 3662 1114 3726 Val.
1131 3662 1167 3739 V,
1189 3662 1246 3726 83:
1267 3662 1392 3742 magnis

233 3781 382 3841 natorum
396 3775 543 3841 laudibus
555 3773 671 3856 implet
701 3773 841 3837 Similem
862 3772 1120 3856 significationem
1139 3770 1237 3834 habet
1256 3770 1391 3834 verbum

233 3883 344 3950 urendi
377 3884 402 3961 l,
424 3878 502 3948 476:
532 3899 786 3962 magnorumque
806 3881 889 3946 viros
914 3881 969 3964 qui
990 3878 1135 3943 laudibus
1155 3880 1229 3943 urat
1247 3896 1391 3960 avorum,

236 4017 428 4030 'n‘—

338 4081 358 4151 ¹)
376 4078 586 4150 Bemerkungen
604 4078 656 4132 eto.
675 4095 701 4147 p.
722 4079 746 4131 7.
