2828 4778
686 235 728 299 74

122 415 301 498 respondet.
343 415 384 495 ib.
408 414 468 479 tea
489 435 553 498 sq.:
583 414 646 479 iam
674 414 775 495 magis
803 413 908 495 adque
936 414 1036 495 nragis
1063 413 1161 479 variis
1190 417 1286 497 stupet

121 521 190 585 Aea
210 521 344 585 deorum
365 520 513 603 prodigiis
535 521 747 603 quatiuntque
768 523 871 583 truces
886 519 1017 584 oracula
1028 518 1176 586 Colchos.
1206 520 1287 598 Quae

127 626 260 692 variatio
281 625 356 690 satis
376 625 488 708 placet.
531 626 687 691 Pedestris
703 625 852 690 orationis
870 625 1003 707 scriptor
1019 626 1156 692 fortasse
1171 627 1284 691 dixerit:

127 734 215 798 varia
235 732 376 816 prodigia
398 733 590 815 oraculaque
611 733 760 814 quatiunt
779 730 926 809 Colchos,
946 731 1013 795 vel:
1035 733 1132 796 variis
1149 731 1284 814 prodigiis

127 839 325 920 oraculisque
345 841 451 920 stupet
472 837 552 901 Aea.
573 836 609 914 11,
632 837 693 901 398
709 856 774 919 sq.:
795 835 954 900 thalamos
976 856 1174 919 excussaque
1193 836 1284 901 vincla

131 946 217 1029 quod
241 963 338 1010 ausae
360 943 491 1008 induere
512 948 609 1026 atque
629 943 742 1007 iterum
765 942 845 1007 tales
869 942 1037 1007 admittere
1060 962 1163 1007 curas.
1203 943 1283 1007 Simi-

129 1053 199 1116 liter
220 1052 299 1116 Aen.
321 1051 371 1129 IV,
392 1052 527 1133 550sq.:
549 1071 614 1115 non
637 1050 722 1114 licuit
743 1050 875 1114 thalami
898 1053 1059 1132 expertem
1078 1053 1148 1115 sine
1170 1050 1284 1114 erimine

126 1158 225 1222 vitam
247 1158 377 1239 degere,
400 1177 488 1222 more
510 1159 604 1235 ferae,
625 1157 698 1221 talis
717 1176 776 1221 nec
798 1162 928 1237 tangere
949 1175 1051 1220 curas.
1095 1156 1165 1221 Val.
1177 1156 1211 1235 ll,
1219 1157 1283 1221 355:

128 1265 192 1328 iarn
215 1284 281 1328 non
304 1264 384 1328 dura
414 1265 490 1329 toris
519 1263 632 1328 Veneri
660 1283 719 1328 nec
751 1264 862 1345 iniqua
890 1281 1043 1327 reversae.
1101 1262 1151 1340 ΙΙΙ,
1173 1264 1213 1327 56
1232 1281 1285 1344 sq.:

132 1370 284 1452 pavidum
315 1371 517 1453 praesepibus
549 1371 652 1434 aufert
684 1389 757 1435 cum
794 1389 888 1451 pecus
920 1372 951 1439 et
990 1369 1114 1451 profugi
1153 1370 1287 1433 sternunt

132 1477 262 1541 dumeta
284 1477 422 1555 iuvenci,
447 1497 615 1559 proteum
638 1477 790 1560 pauidum
813 1476 1015 1558 praesepibus
1035 1475 1181 1541 ablatum
1204 1492 1289 1558 pecus

133 1582 264 1647 dumeta
284 1583 403 1647 sternit.
444 1582 494 1661 lV,
517 1583 595 1647 523:
627 1586 804 1664 agnoscunt
832 1584 986 1660 monitus,
1020 1583 1189 1664 iussaeque
1215 1600 1289 1647 rece

135 1690 224 1753 dunt.
266 1688 328 1768 Vll,
355 1691 411 1753 188
432 1711 496 1772 sq.:
528 1709 587 1754 neo
615 1693 647 1754 te
672 1709 758 1754 nunc
787 1690 923 1754 Hecates
951 1688 1064 1753 subeat
1092 1690 1214 1767 metus,
1243 1688 1291 1752 aut

131 1817 205 1862 mea
232 1797 311 1862 forte
340 1797 492 1877 impediat
526 1816 566 1860 ne
595 1799 707 1879 coepta
735 1797 820 1860 time.
874 1796 914 1860 ib.
944 1795 1002 1859 441
1034 1815 1098 1877 sq.:
1131 1796 1290 1870 occideras,

132 1922 247 1985 nempe
268 1903 354 1966 hane
375 1901 516 1966 animam
535 1900 591 1983 (te)
613 1903 666 1967 fax
687 1921 783 1965 saeva
806 1902 956 1966 manebat
976 1902 1103 1965 funeris.
1146 1901 1237 1977 Quae
1257 1899 1292 1964 ad

131 2008 229 2074 verba
250 2008 423 2076 Lemairius
447 2029 511 2073 non
533 2009 617 2074 male
643 2009 794 2073 adnotat:
828 2007 900 2072 Non
926 2007 1117 2072 inconcinna
1144 2011 1193 2071 est
1223 2008 1293 2071 haec

132 2115 293 2197 repetitio:
320 2115 394 2179 huic
426 2115 510 2180 enim
541 2116 721 2197 cogitationi
744 2115 877 2179 libenter
899 2115 1088 2179 immoratur
1108 2114 1238 2192 Medea,
1264 2115 1295 2177 ut

135 2219 294 2302 intellegat
315 2220 424 2298 Iason,
448 2225 608 2304 quantum
627 2241 703 2285 suae
724 2221 884 2287 servatrici
906 2221 1052 2299 debeat.⁸
1075 2220 1150 2297 VIII,
1160 2221 1202 2285 95
1216 2239 1294 2303 sqq:

135 2346 201 2391 non
233 2327 385 2401 letalem
414 2327 563 2390 videbam
595 2345 686 2390 sacra
714 2327 816 2390 ferens
841 2327 1015 2409 epulasque
1038 2326 1112 2402 tibi,
1146 2345 1206 2390 nec
1232 2326 1296 2390 talis

135 2433 237 2498 hianti
258 2432 353 2497 mella
366 2432 483 2496 dabam
504 2451 542 2495 ac
557 2433 671 2496 nostris
683 2414 842 2495 nutribam
855 2432 920 2496 fida
931 2432 1070 2496 venenis.
1111 2432 1153 2495 ib.
1171 2435 1230 2497 155
1241 2453 1296 2514 sq.:

134 2560 199 2605 non
225 2539 285 2604 hoc
305 2539 408 2604 Pelias
430 2539 566 2604 evadere
588 2540 672 2604 furto
693 2542 725 2602 te
743 2538 830 2602 iubet
847 2542 905 2602 aut
918 2538 998 2602 ullas
1009 2537 1133 2602 Colchis
1144 2539 1298 2604 abducere

130 2650 233 2710 natas.
276 2647 320 2710 ib.
344 2647 422 2710 341:
453 2666 496 2710 an
518 2645 780 2728 virtus-praelata
799 2644 857 2708 viri
880 2647 928 2708 est
949 2648 981 2709 et
1002 2645 1111 2708 tortior
1131 2645 1189 2709 ille.
1231 2645 1299 2711 Alia

133 2753 280 2834 exempla
300 2753 408 2817 videas
429 2752 465 2830 ll,
488 2753 563 2830 385,
586 2754 644 2817 641
668 2771 733 2834 sq,
755 2751 803 2828 Ill,
824 2751 882 2814 841
906 2770 971 2833 sq,
994 2752 1055 2815 389
1076 2771 1141 2834 sq,
1163 2752 1226 2816 668
1246 2772 1298 2833 sq,

134 2857 184 2936 IV,
209 2858 269 2921 206
290 2879 355 2941 sq.,
396 2859 431 2937 V,
446 2860 507 2923 859
528 2879 594 2940 sq.,
627 2849 771 2941 325sq.,
806 2857 867 2935 Vll,
891 2857 930 2921 76
953 2878 1017 2940 sq,
1053 2858 1110 2920 tta
1131 2876 1193 2939 sq.,
1228 2856 1299 2934 Vlll,

135 2967 196 3032 865
218 2985 275 3047 sq.,
296 2965 357 3028 417
379 2985 426 3048 sq.
478 2965 622 3048 Denique
654 2965 796 3029 conteras
825 2964 939 3030 similes
961 2963 1083 3045 Vergilii
1114 2964 1216 3041 locos,
1249 2963 1300 3046 qui

137 3077 264 3138 exstant
290 3072 371 3135 Aen.
394 3071 430 3148 ΙΙ,
451 3072 509 3134 53:
547 3071 712 3135 insonuere
741 3089 838 3134 cavae
864 3071 1080 3153 gemitumque
1108 3070 1225 3135 dedere
1252 3089 1302 3134 ca·

137 3200 262 3245 vernae.
305 3178 342 3256 V,
363 3179 425 3242 578
446 3198 507 3260 sq.:
530 3177 655 3258 signum
677 3177 763 3241 dedit
785 3177 987 3260 insonuitque
1008 3177 1140 3258 flagello.
1170 3176 1220 3255 Vl,
1230 3177 1302 3240 loa:

128 3291 171 3352 ‘ut
191 3287 330 3370 primum
353 3286 443 3350 cessit
462 3286 549 3350 furor
569 3288 601 3348 et
623 3284 733 3349 rabida
753 3304 811 3349 ora
833 3285 990 3368 quierunt.
1033 3283 1096 3361 Vll,
1116 3282 1157 3346 96
1177 3302 1243 3365 sq.:
1266 3302 1303 3346 ne

135 3397 207 3474 pete
229 3393 371 3458 conubiis
395 3397 506 3457 natam
527 3394 646 3458 sociare
667 3392 802 3470 Latinis,
827 3413 846 3457 0
865 3410 937 3457 mea
958 3392 1135 3474 progenies,
1158 3390 1304 3454 thalamis

139 3520 203 3564 neu
226 3501 319 3565 crede
340 3502 467 3583 paratis.

220 3607 280 3684 Qui
303 3608 521 3678 abundantiae
548 3628 639 3672 amor
666 3608 846 3691 saepissime
873 3603 1000 3690 poetam
1028 3624 1066 3670 eo
1095 3603 1238 3680 adducit,
1270 3605 1305 3665 ut

137 3713 250 3776 eodem
272 3715 437 3778 enuntiato
460 3714 506 3777 bis
526 3715 575 3777 vel
595 3715 691 3778 etiarn
714 3717 762 3777 ter
786 3714 910 3796 prolato
933 3710 992 3774 loci
1024 3730 1088 3776 non
1114 3709 1207 3792 pauci
1232 3709 1306 3772 vitio

136 3818 328 3899 tautologiae
345 3819 414 3901 plus
429 3819 573 3883 minusve
587 3818 742 3882 laborent.
773 3817 834 3882 Sed
846 3818 1011 3900 aliquoties
1022 3820 1146 3882 mutata
1156 3815 1306 3879 orationis

140 3925 241 3987 torma
262 3923 372 3986 vitium
396 3927 533 3988 excusat.
576 3924 647 4001 Quo
675 3923 786 3986 melius
812 3921 988 4005 clariusque
1009 3922 1121 3987 Valerii
1148 3924 1305 3986 rationem

136 4048 324 4116 cognoscas,
355 4030 438 4094 locos
461 4029 617 4114 quosdam
645 4029 905 4113 contemplemur.
947 4028 982 4108 11,
1004 4031 1065 4095 559
1085 4050 1150 4114 sq.:
1183 4030 1209 4093 si
1230 4048 1304 4093 vera
