2828 4778
712 266 751 333 76

147 448 226 514 Aen.
255 448 308 525 ΙΧ,
333 448 407 513 163:
439 448 587 530 purpurei
618 447 717 512 cristis
746 448 888 524 iuvenes,
921 449 939 511 i.
966 469 993 513 e.
1025 451 1193 533 purpureis
1218 448 1280 516 c“

146 554 248 619 induti
272 555 408 619 iuvenes.
459 553 526 619 Val.
552 553 602 631 lll,
630 554 709 618 441:
740 555 853 618 tacitos
881 574 973 635 egere
996 557 1128 637 gradus.
1176 558 1215 623 ib.
1232 532 1288 645 lul}
1327 610 1331 616 .,

146 660 264 725 Oceani
299 679 449 743 praeceps
479 659 600 741 fragor,
633 679 707 742 pro:
739 659 925 743 praecipitis.
978 661 1020 725 ib.
1049 663 1116 727 660
1145 683 1208 747 sq.:
1237 650 1289 755 'udi
1324 691 1326 694 ·

145 767 252 832 deside
284 771 368 831 terra
396 766 581 844 haeremus,
614 766 632 829 i.
655 786 682 829 e.
713 765 844 829 desides.
887 767 941 831 cir.
964 767 1001 845 V,
1025 766 1086 832 148
1108 788 1175 852 sq.:
1211 754 1288 834 desit

146 873 239 938 mitra
262 872 337 954 ligat
359 873 471 936 virum.
514 871 607 936 Mitra
630 872 719 936 deses
741 872 941 955 nominatur,
968 874 1054 958 quod
1077 856 1286 969 6166666661Ἰ

143 980 199 1043 sed
222 980 368 1055 fortasse,
399 978 486 1060 quod
508 978 635 1041 mitram
660 977 795 1041 feminae
816 977 901 1042 solae
923 981 954 1041 et
976 978 1152 1046 effeminati
1172 974 1287 1046 hominu

143 1085 262 1150 habere
283 1084 437 1150 solebant.
479 1083 529 1160 IV,
540 1084 601 1147 350
611 1104 675 1166 sq.:
697 1083 891 1166 pelagusque
903 1086 1198 1169 emensaiuvencae
1215 1087 1289 1164 entra

144 1213 218 1277 pro:
240 1210 397 1256 emensae.
438 1191 475 1268 V,
497 1191 553 1253 23:
586 1194 734 1254 natorum
765 1191 820 1255 llet
848 1210 948 1278 parva
976 1211 1106 1273 manuS,
1139 1214 1211 1278 pro:
1237 1213 1290 1277 par·

142 1316 266 1362 vorum.
316 1297 357 1360 ib.
383 1297 460 1360 609:
496 1316 574 1378 gens
606 1297 689 1378 picta
725 1295 895 1381 pharetris
927 1317 999 1380 pro:
1029 1299 1120 1382 pictis
1150 1299 1293 1383 pharetr's

141 1403 192 1481 Vl,
213 1404 290 1468 229:
319 1403 418 1466 densa
449 1422 601 1485 spargens
633 1402 757 1467 hastilia
792 1402 921 1481 dextra,
954 1424 1029 1487 pro:
1060 1402 1163 1471 densa
1189 1404 1303 1472 hastilia

140 1529 291 1593 spargens
312 1508 434 1573 dextra.
486 1508 638 1573 Dextram
670 1512 764 1590 poeta
794 1508 926 1573 densam
957 1508 1046 1588 dicit,
1079 1521 1156 1577 curn
1188 1510 1302 1577 hastilia

142 1616 241 1680 densa
263 1615 365 1679 iaciat.
407 1615 462 1678 cir.
485 1614 565 1678 Aen.
584 1613 637 1691 Xl,
659 1614 736 1677 650:
764 1618 796 1677 et
818 1632 905 1677 nunc
928 1613 1015 1679 lenta
1037 1635 1140 1681 manu
1159 1615 1311 1700 spargens

139 1720 264 1786 hastilia
286 1720 405 1784 denset.
457 1720 516 1783 Ph.
539 1719 718 1799 Wagnerus
730 1719 751 1799 ¹)
786 1719 895 1783 laudat
916 1719 997 1784 Aen.
1028 1720 1082 1799 IX,
1102 1718 1181 1788 534:
1214 1723 1312 1790 Troes

140 1827 227 1891 densi
250 1827 312 1890 tela
333 1827 530 1907 intorquere,
564 1828 596 1888 et
618 1823 722 1888 addit:
753 1823 875 1888 Waren
902 1825 953 1889 die
975 1827 1096 1909 equites
1117 1808 1188 1893 666
1209 1814 1306 1907 densi,

138 1953 174 1997 so
196 1924 315 1996 konnte
338 1951 414 1996 man
444 1930 529 1996 auch
562 1950 657 2012 sagen
689 1931 790 1995 densa
812 1931 922 1995 dextra
950 1932 1146 2014 spargebant
1174 1934 1302 2000 hastilia.

137 2038 375 2120 Schenkelius2)
409 2038 545 2102 »densa«
576 2057 640 2101 non
672 2037 865 2116 ablativum,
903 2038 959 2102 sed
991 2038 1209 2104 accusativum
1241 2060 1303 2106 esse

137 2146 211 2210 dicit
239 2149 270 2210 et
300 2145 455 2228 syllabam
491 2164 563 2208 ›sa‹
597 2144 785 2228 productam
819 2139 902 2222 esse,
945 2146 1031 2228 quod
1063 2144 1189 2212 initium
1221 2147 1301 2213 verbi

138 2271 326 2334 ›spargens‹
357 2251 437 2314 duas
467 2254 677 2315 consonantes
715 2250 843 2314 babeat.
894 2249 944 2328 VI,
974 2249 1054 2315 alo:
1092 2233 1222 2318 laeuum
1252 2270 1331 2338 per‘

134 2357 259 2422 luminis
285 2356 412 2434 orbem,
446 2375 523 2439 pro:
557 2375 614 2439 per
649 2355 730 2420 laevi
759 2357 886 2421 luminis
916 2357 1035 2422 orbern.
1086 2358 1214 2426 116465
1241 2382 1298 2444 sq.:

134 2464 264 2528 Veneris
285 2463 425 2528 recentia
446 2463 535 2526 sertis
550 2465 633 2527 tecta
653 2464 741 2543 petit.
783 2462 883 2528 Tecta
896 2464 1073 2551 recentibus
1086 2465 1178 2530 sertis
1191 2466 1299 2532 ornata

133 2573 234 2634 erant.
279 2570 320 2633 ib.
343 2569 419 2633 694:
442 2568 537 2632 subiti
558 2567 709 2632 Mavortis
728 2589 829 2633 amor.
872 2560 935 2648 Vll,
957 2558 1034 2634 419:
1063 2572 1162 2636 iustas
1184 2570 1227 2638 da
1247 2593 1298 2638 vo·

132 2676 220 2739 cibus
247 2694 357 2754 aures,
388 2694 463 2757 pro:
496 2675 591 2738 iustis.
642 2672 794 2756 Exempla
825 2677 862 2739 ut
891 2675 926 2752 ll,
952 2676 1011 2740 174
1032 2696 1099 2758 sq.:
1133 2675 1193 2742 has
1222 2679 1298 2743 inter

131 2780 252 2844 medias
272 2781 328 2844 llet
347 2779 471 2857 Venus,
500 2799 572 2862 pro:
603 2781 708 2844 media
729 2776 810 2844 inter
831 2781 904 2858 has,
932 2784 964 2844 et
985 2779 1048 2859 Vll,
1072 2781 1150 2845 103:
1182 2783 1298 2849 medios

131 2887 213 2950 inter
233 2889 393 2969 parentes,
415 2886 578 2949 notissima
596 2890 680 2950 sunt.
725 2885 819 2950 Aliud
842 2886 1022 2968 exemplum
1042 2886 1160 2964 1,793:
1183 2889 1297 2954 meritis

131 2994 212 3074 regis
234 2991 391 3056 succedite
404 2993 502 3068 tectis,
525 2992 680 3068 Heinsius,
701 2990 928 3069 Marklandius,
951 2991 1066 3075 quibus
1080 2992 1296 3060 Loehbachius

130 3104 162 3163 ct
182 3094 391 3164 Baehrensius
407 3097 574 3174 accedunt,
595 3100 803 3161 mutaverunt
823 3098 961 3180 legentes
982 3099 1132 3178 »meriti«,
1153 3100 1211 3165 sed
1232 3102 1296 3167 sine

130 3225 226 3271 causa
251 3205 282 3269 id
308 3206 465 3282 fecerunt,
498 3222 570 3267 curn
604 3203 758 3266 ›meritis‹
792 3204 892 3285 magis
920 3205 1077 3286 poeticum
1104 3205 1152 3269 sit.
1196 3207 1298 3272 Loeh⁴

128 3311 295 3393 bachius³)
316 3315 448 3395 propter
467 3311 621 3375 sermonis
647 3328 740 3374 usum
770 3309 884 3373 Valerii
908 3311 1046 3375 ›meriti‹
1078 3310 1138 3394 legi
1167 3310 1238 3378 tull
1267 3318 1297 3379 et

128 3417 272 3500 exempla
292 3416 386 3482 huius
407 3437 484 3482 usus
504 3417 659 3482 nonnulla
679 3415 781 3481 affert.
825 3415 887 3480 Sed
914 3437 953 3480 ex
976 3416 1081 3481 multis
1103 3416 1177 3482 locis
1203 3439 1224 3483 a
1244 3406 1295 3484 me

129 3524 224 3589 modo
239 3523 340 3588 allatis
355 3528 497 3608 apparet,
519 3528 649 3606 poetam
670 3522 853 3606 hypallages
869 3543 997 3606 quoque
1017 3524 1154 3605 figuram
1176 3544 1294 3591 amare.

128 3629 221 3706 Quod
242 3630 282 3692 ad
306 3628 578 3712 »kakophoniam
597 3630 720 3705 attinet,
742 3647 841 3710 quarn
864 3630 896 3692 in
912 3630 1015 3692 verbis
1039 3630 1175 3694 »meritis
1195 3632 1294 3715 regis<

109 3749 111 3754 ’
126 3737 225 3799 inesse
241 3735 463 3799 Loehbachius
484 3738 567 3799 recte
588 3733 676 3812 vidit,
699 3727 760 3797 h'oc
776 3752 877 3813 genus
890 3734 975 3815 apud
987 3724 1145 3801 Valerium
1165 3739 1295 3803 omnino

226 3966 246 4034 ¹)
264 3967 342 4023 Iahn.
359 3985 425 4024 ann.
441 3968 460 4023 l.
477 3967 495 4021 l.
510 3985 535 4040 p.
549 3967 609 4021 386.
637 3995 666 4005 -
699 3965 720 4036 ²)
739 3963 856 4021 Studien
872 3967 892 4021 l.
912 3968 931 4022 l.
953 3987 979 4042 p.
995 3971 1053 4024 293.
1073 4002 1105 4012 —
1131 3969 1153 4040 ι)
1172 3970 1288 4030 Studien

122 4070 148 4125 p.
171 4055 196 4107 6.
