2828 4778
122 506 396 573 quoproeosque,
423 488 442 552 i.
464 507 492 552 e.
514 488 597 552 inter
625 486 728 581 regios
755 505 877 579 procos.
926 484 1070 551 iusso:
1106 504 1171 550 non
1249 480 1256 499 ⁹
1299 555 1321 596 Γ

122 614 181 660 noo
199 614 310 660 amore
328 595 477 672 nefando,
498 594 517 659 i
539 614 566 659 e.
588 612 655 663 uon
673 612 785 658 amore
806 591 924 658 itrrtiro
946 590 1164 685 nefandoque.
1191 670 1194 676 Ι
1239 644 1252 675 Ι.
1294 662 1321 675 μ

203 702 233 766 2.
254 701 400 769 Alterum
425 701 660 769 substantivum
682 721 741 785 pro
761 699 898 783 genitivo
918 698 1058 784 positum
1078 701 1137 763 est.
1185 686 1253 776 l,8l
1289 748 1321 757 -

124 807 249 891 (quam)
271 808 303 873 in
324 828 456 892 campos
476 811 508 873 et
527 811 598 873 tuta
616 807 684 886 tuli,
705 827 781 890 pro:
814 806 937 872 intuta
956 825 1162 888 camporum,
1193 796 1263 885 ut·¹
1291 800 1321 811 “

123 915 180 980 742
198 918 270 979 tuta
289 915 467 998 domosque
481 918 604 998 petunt,
625 915 644 983 1
665 913 801 998 equod
816 912 897 978 Aen.
918 911 971 991 Xl,
992 913 1066 978 882:
1088 915 1160 977 tuta
1173 904 1261 977 dom'r·

125 1041 206 1087 rum.
243 1021 265 1099 l,
286 1021 363 1087 5412
383 1023 429 1088 sie
443 1022 519 1098 iata,
539 1020 688 1087 locossic
710 1020 778 1103 ipse
792 1019 949 1098 fovebam,
970 1019 989 1084 i.
1004 1038 1031 1083 e.
1055 1020 1123 1084 iata
1136 1008 1260 1101 locorum

126 1128 213 1194 ldem
236 1131 284 1193 est
305 1127 355 1206 IV,
376 1128 436 1194 557
459 1148 523 1211 πμ
543 1127 609 1194 tata
630 1126 779 1212 looosque
800 1126 855 1192 tibi
875 1127 1051 1226 expediam.
1093 1126 1142 1205 Ill,
1165 1127 1202 1192 15
1218 1141 1260 1208 sq:

127 1241 163 1301 tu
190 1236 269 1302 milri
297 1254 384 1302 nune
409 1255 523 1302 causas
549 1235 746 1319 infandaque
769 1233 903 1318 proelia,
933 1232 1016 1311 Clio,
1044 1232 1152 1317 pande
1171 1232 1261 1313 virum

119 1344 143 1408 i.
164 1362 191 1407 e.
214 1361 296 1407 non:
317 1359 431 1408 oausas
452 1341 643 1426 proeliorum
664 1341 770 1436 pande
790 1340 972 1425 proeliaque
993 1341 1077 1425 ipsa,
1101 1341 1172 1420 sed,
1192 1343 1224 1406 ul
1238 1355 1264 1404 ex

124 1449 277 1526 versibus,
297 1448 352 1533 qul
366 1453 555 1535 sequuntur,
576 1452 685 1532 aperte
700 1448 810 1526 elucet,
833 1468 946 1533 causas
965 1447 1179 1514 nefandorum
1194 1464 1266 1532 proe-

124 1556 239 1622 liorum
261 1540 376 1640 pande.
417 1554 566 1622 Similiter
586 1556 628 1623 ib.
650 1556 725 1623 377:
746 1574 858 1621 causas
877 1548 1046 1641 labemque
1066 1554 1195 1633 docebo,
1211 1571 1266 1640 pro:

125 1683 240 1730 oausas
259 1661 349 1728 labis.
398 1663 440 1729 ib.
464 1663 523 1728 317
544 1683 608 1746 πμ
638 1662 775 1733 nendum
801 1661 927 1727 suboles
956 1680 1016 1728 nec
1044 1663 1163 1746 gaudia
1188 1661 1224 1728 de
1246 1662 1269 1724 te

124 1770 190 1836 ulla
210 1769 297 1848 mihi,
325 1789 400 1854 pro:
431 1770 549 1853 gaudia
570 1769 698 1839 subolis.
746 1769 787 1834 ib.
808 1769 886 1834 679:
929 1769 1045 1855 quibus
1075 1773 1108 1835 et
1130 1770 1226 1849 virtus
1248 1767 1271 1833 el

123 1897 195 1961 spes
221 1877 254 1942 in
279 1877 385 1943 limine
405 1877 523 1960 primo,
544 1876 563 1941 i.
581 1896 609 1943 e.
630 1880 667 1944 ut
686 1875 708 1941 l.
729 1876 768 1942 A.
787 1875 968 1959 Wagnerus
989 1876 1141 1956 adnotat,
1170 1875 1270 1963 quibus

125 1983 227 2067 prima
244 1983 367 2049 virtutis
382 1983 573 2048 documenta
588 1982 702 2053 edendi
718 2003 790 2066 spes
805 1983 850 2048 ila
866 1983 1045 2068 propinqua
1060 1985 1118 2048 est.
1152 1981 1274 2065 Ν,611ι

125 2090 226 2157 auditi
248 2090 369 2155 sonitus
391 2091 566 2174 insanaque
583 2110 669 2168 saxa,
689 2091 708 2155 i.
732 2110 758 2155 e.
781 2090 902 2155 sonitus
923 2090 1108 2156 insanorum
1131 2107 1276 2167 saxorum.

127 2197 169 2262 ib.
190 2197 266 2262 453:
294 2197 420 2278 iamque
444 2197 501 2262 alis
523 2197 632 2281 procul
660 2201 692 2263 et
714 2197 819 2263 sonitu
840 2196 917 2262 rnlhi
938 2200 1016 2262 nola
1036 2195 1188 2275 Celaeno,
1219 2196 1237 2261 l.
1257 2215 1278 2260 e.

128 2305 233 2370 sonitu
264 2303 397 2369 alarum.
450 2304 486 2382 V,
513 2288 556 2369 60
574 2325 639 2394 πμ
671 2303 817 2387 reliquias
847 2303 921 2369 soeli
950 2303 1130 2389 defletaque
1159 2302 1281 2368 miscent

129 2411 268 2479 nomina
319 2410 412 2490 Quod
440 2430 528 2489 eum,
559 2415 595 2479 ut
621 2411 685 2477 iam
707 2409 844 2475 Bulaeus
862 2410 956 2490 vidit,
987 2392 1117 2475 nomina
1143 2410 1206 2475 sint
1231 2428 1283 2493 pro

127 2517 201 2584 viris
221 2518 311 2602 ipsis,
341 2520 378 2582 ut
398 2516 439 2582 ib.
464 2518 531 2596 119,
552 2517 616 2595 Vll,
635 2517 706 2594 2l5,
726 2516 803 2595 VIII,
826 2518 883 2581 461
910 2538 967 2601 sq,
988 2516 1123 2602 explico:
1144 2516 1285 2600 reliquias

131 2622 319 2690 defletorum
348 2618 486 2693 virorum
519 2623 660 2692 miscent.
712 2624 733 2688 l.
765 2625 805 2689 A.
832 2624 1011 2706 Wagnerus
1043 2623 1183 2705 argutari
1214 2621 1286 2688 mihi

130 2730 272 2809 videtur,
307 2750 381 2813 eum
411 2731 499 2796 dicit:
537 2721 674 2799 »cineres
710 2731 874 2815 utriusque
908 2750 974 2797 una
1010 2734 1169 2814 reponunt
1201 2749 1287 2809 urna,

131 2835 298 2918 eidemque
318 2857 418 2914 urnae
437 2838 601 2923 utriusque
621 2858 740 2905 nomen
761 2839 942 2904 inscribunt.
979 2837 1016 2918 V,
1041 2837 1117 2902 236:
1139 2840 1216 2903 lunc
1236 2836 1289 2914 tibi

130 2962 364 3026 regnorumque
395 2943 483 3009 labes
513 2929 676 3033 luetusque
706 2950 890 3030 supersunt,
926 2947 944 3010 i.
977 2966 1005 3017 e.
1035 2965 1108 3010 mea
1137 2944 1291 3010 sententia

132 3051 208 3117 nihil
230 3050 315 3115 aliud
336 3069 448 3132 quam:
480 3051 583 3119 luctus
605 3053 684 3122 labis
712 3072 882 3134 regnorum
903 3053 952 3118 vel
974 3052 1204 3118 tabefactorum
1223 3071 1290 3147 reg·

128 3178 252 3224 norum.
294 3157 335 3223 ib.
350 3156 425 3222 278:
447 3177 510 3223 nox
527 3157 692 3229 hominum
710 3178 809 3241 genus
831 3161 864 3224 et
882 3159 979 3225 duros
994 3159 1142 3225 miserata
1159 3159 1291 3236 labores,

132 3266 151 3330 i.
177 3286 203 3330 e.
225 3265 377 3332 miserata
399 3266 496 3333 duros
516 3267 639 3353 generis
658 3266 790 3332 humani
808 3266 940 3334 labores.
971 3266 1022 3346 Vl,
1044 3267 1084 3333 tt
1106 3286 1169 3352 sq:
1190 3285 1293 3351 neque

131 3373 217 3437 enim
246 3373 365 3440 Aeetae
396 3377 550 3458 promissa
575 3375 735 3460 fidemque
763 3395 830 3441 esse
856 3375 942 3454 loeo,
968 3376 986 3441 i.
1009 3396 1035 3440 e.
1068 3374 1293 3460 promissorum

130 3479 239 3544 fidem.
282 3479 346 3561 Vll,
375 3483 415 3560 89
434 3501 498 3564 πμ
530 3502 613 3571 non,
642 3483 701 3561 ait,
730 3484 788 3548 hos
810 3484 942 3561 reditus,
970 3502 1036 3548 non
1057 3482 1160 3562 hanc,
1184 3483 1293 3560 Aeeta,

129 3584 241 3651 dedisti
273 3608 363 3671 spem
385 3587 512 3672 MinyiS,
545 3591 563 3656 i.
587 3612 614 3663 e.
635 3610 701 3655 non
721 3591 804 3656 hano
833 3611 928 3680 spem
943 3590 1013 3656 talis
1033 3592 1152 3656 reditus
1172 3590 1294 3656 dedisti.

129 3691 170 3757 ib.
203 3695 262 3760 lor
273 3718 280 3759 :
310 3715 459 3778 ossaque,
492 3698 561 3780 quis
582 3699 664 3769 tauri
692 3718 868 3783 saevusque
897 3700 1070 3781 pepercerit
1095 3699 1185 3781 ignis,
1215 3698 1234 3763 i.
1267 3719 1292 3763 e.

133 3800 212 3884 ignis
234 3808 408 3883 taurorum.
451 3803 491 3867 ib.
514 3805 590 3873 307:
614 3805 725 3868 eontra
746 3823 858 3869 saevus
879 3824 985 3885 amor,
1006 3809 1117 3872 contra
1136 3805 1294 3890 periturus

135 3907 226 3973 lason
246 3912 346 3991 urget,
368 3909 387 3973 i.
409 3929 435 3975 e.
458 3908 576 3981 lasonle
596 3909 726 3995 perituri
748 3929 862 3975 saevus
883 3929 983 3976 amor.
