2828 4778
666 162 706 232 75

111 353 265 428 parentem
303 349 391 412 lama
422 347 529 411 lovem
561 345 741 429 summique
772 344 829 408 tibi
866 362 966 425 genus
1009 362 1075 407 esse
1104 341 1267 407 Tonantis,

117 450 250 520 Similiter
279 453 317 533 V,
338 453 416 518 3833
448 453 496 517 sin
525 452 639 517 domus
668 451 701 516 in
728 450 817 515 terris
841 451 948 533 adque
979 449 1052 514 hinc
1081 450 1136 513 tibi
1165 450 1268 531 gentis

121 552 206 642 origo.
244 560 294 638 ΠΙ,
317 561 379 625 378
397 579 484 642 sqq:
512 559 538 623 si
559 558 705 623 mortalia
726 557 871 622 membra
892 556 1083 639 sortitusque
1103 555 1214 618 breves
1235 558 1268 619 et

124 668 198 747 parri
217 670 359 750 tempora
382 665 437 730 lati
458 664 668 748 perpetimur,
709 663 728 727 l.
748 683 776 727 e.
797 664 823 727 si
844 662 908 726 vita
932 665 1041 727 nostra
1068 662 1182 742 exigua
1211 664 1268 725 est.

87 842 93 853 Ι
127 768 239 837 ibiti:
258 774 447 854 responsant
466 770 564 834 silvae
593 772 625 832 et
657 788 739 850 vaga
767 772 866 833 certat
895 768 1009 848 imago.
1052 767 1102 845 IV,
1124 767 1183 830 134
1203 786 1267 849 sq.:

87 908 90 913 ·
129 894 178 938 neo
192 877 241 941 tibi
254 896 354 942 ⁴nram
375 910 415 922 -
437 875 493 940 det
520 875 636 940 fiducia
664 874 778 952 nostri,
810 877 886 939 nate
898 922 911 951 ,,
945 874 1068 937 animos
1093 873 1268 956 opibusque

131 981 196 1046 ultra
210 1003 246 1048 ne
260 984 354 1049 crede
367 982 517 1065 paternis.
559 980 601 1045 ib.
617 980 677 1044 333
689 1000 754 1064 sq.:
775 980 856 1044 illius
876 980 1032 1044 excelsum
1055 979 1152 1042 ramis
1173 982 1270 1062 eaput

132 1104 228 1170 oraque
246 1088 358 1155 Castor
380 1088 521 1170 implicat
546 1090 579 1151 et
599 1087 689 1151 viridi
712 1087 848 1152 conectit
872 1091 1016 1170 tempora
1044 1086 1152 1163 lauro,
1182 1087 1270 1169 quod

133 1195 181 1255 est:
196 1194 264 1261 illius
280 1200 425 1278 tempora
447 1193 561 1258 laureis
582 1193 678 1257 ramis
693 1195 795 1257 ornat.
837 1194 891 1258 eir.
902 1193 952 1270 Vl,
964 1194 1024 1257 396
1035 1214 1096 1275 sq.:
1117 1194 1270 1277 populeus

135 1299 176 1361 eui
191 1300 287 1366 frontis
308 1302 414 1365 honor
432 1303 643 1383 contectaque
664 1298 776 1380 glauco
802 1302 948 1382 tempora
976 1304 1147 1366 nectuntur
1169 1321 1269 1366 ramo.

134 1401 175 1479 IV,
191 1406 237 1470 661
254 1428 337 1491 sqq:
359 1407 403 1471 sic
425 1407 479 1471 ubi
501 1405 677 1471 multifidus
698 1409 810 1487 ruptus
830 1425 848 1469 e
870 1407 1009 1471 nubibus
1027 1407 1140 1472 horror
1161 1408 1270 1489 effugit

136 1509 163 1569 et
177 1513 304 1578 tenebras
334 1513 524 1597 nimbosque
549 1511 727 1576 intermicat
749 1513 830 1594 ignis
856 1513 979 1578 terrifici
1010 1517 1108 1578 ruunt
1136 1515 1270 1578 tonitrus

135 1611 246 1698 elisaque
272 1624 399 1684 noctem
422 1618 475 1682 lux
499 1618 623 1682 dirimit.
667 1618 870 1683 Selrenkelius
882 1618 906 1699 ¹)
937 1639 1063 1682 versum
1091 1620 1152 1684 663
1182 1621 1270 1684 uncis

135 1716 246 1803 inclusit,
266 1746 341 1791 cum
362 1745 427 1790 non
448 1724 551 1789 solum
576 1727 710 1788 ›ruunt‹
734 1728 766 1788 et
784 1725 940 1806 »adopt«,
962 1745 1045 1808 quae
1055 1728 1154 1791 verba
1166 1747 1270 1810 aequo

135 1827 209 1893 modo
225 1852 294 1897 cum
317 1832 473 1896 vocabulo
492 1831 666 1895 ›nubibus‹
690 1831 912 1911 coniungenda
940 1837 1059 1911 essent,
1091 1833 1146 1898 sed
1174 1833 1270 1898 etiarn

138 1930 261 2021 ›elisaque
280 1943 407 2005 noctem
428 1938 482 2002 lux
503 1938 637 2002 dirimit«
661 1942 693 2003 et
717 1939 883 2002 »tenebras
894 1939 1082 2022 nimbosque
1093 1941 1272 2004 intermicat

137 2034 211 2114 ignis«
230 2047 310 2110 idem
331 2045 482 2110 valerent.
525 2044 588 2108 Sed
603 2064 674 2109 mea
694 2044 851 2109 sententia
866 2045 1076 2110 Baehrensius
1096 2049 1180 2111 reete
1194 2067 1269 2111 eum

136 2149 233 2213 acutus
251 2171 316 2216 non
337 2154 398 2225 est,
431 2169 503 2214 curn
526 2149 666 2214 Valerius
694 2151 769 2214 talia
797 2151 882 2214 dieta
902 2155 1002 2230 amet,
1035 2157 1067 2216 et
1087 2154 1272 2235 praesertim

139 2265 193 2312 oum
210 2255 263 2322 hoe
281 2258 354 2323 loco
369 2257 567 2321 abundantia
580 2257 680 2337 magis
694 2275 791 2340 quam
805 2257 872 2320 aliis
882 2257 957 2322 locis
968 2259 1100 2340 placeat,
1120 2260 1271 2341 quoniam

138 2352 253 2428 terribilia
283 2366 368 2429 facta
395 2363 499 2427 vivide
524 2366 600 2426 ante
631 2366 755 2428 nostros
783 2363 890 2427 oeulos
920 2368 1091 2446 ponuntur.
1135 2364 1170 2442 V,
1194 2364 1271 2428 688:

138 2463 203 2536 quod
220 2473 322 2534 tamen
342 2468 512 2550 adgressae
534 2468 635 2533 scelus
656 2472 713 2533 aut
734 2488 798 2551 quo
819 2469 949 2533 crimine
970 2473 1085 2533 sontes.
1107 2470 1156 2547 vl,
1173 2471 1194 2533 4
1209 2490 1271 2552 sq.:

137 2564 247 2640 sternere
277 2575 402 2658 Minyas
433 2575 624 2656 Graiamque
652 2575 821 2640 absumere
850 2576 977 2657 pubem.
1027 2576 1067 2640 ib.
1091 2577 1129 2640 18
1147 2597 1212 2661 sq.:
1230 2560 1275 2642 ¹se

136 2668 244 2744 Primum
259 2681 444 2747 Haemoniis
465 2680 627 2745 hortatum
648 2700 686 2745 ea
706 2681 822 2746 vellera
844 2682 934 2745 terris
955 2681 1084 2746 reddere
1102 2688 1134 2747 et
1145 2685 1274 2749 exuvias

137 2785 239 2851 peruffls
257 2789 415 2853 dimittere
436 2806 554 2851 sacrae.
596 2788 637 2851 ib.
659 2788 721 2851 439
741 2808 803 2870 sq.:
834 2788 901 2852 sola
919 2788 1027 2853 animo
1048 2789 1161 2855 Medea
1179 2792 1273 2868 subit,

135 2893 204 2952 mens
222 2896 320 2959 omnis
341 2895 374 2958 in
396 2913 462 2958 una
484 2893 613 2975 virgine.
655 2894 696 2957 ib.
712 2895 789 2958 597:
812 2895 875 2959 iam
890 2896 960 2960 vela
978 2896 1077 2975 dabit,
1099 2897 1163 2961 iam
1183 2897 1275 2961 litora

134 2994 220 3062 nostra
236 3001 401 3084 relinquet.
444 2999 506 3078 Vll,
529 3000 591 3063 374
611 3020 676 3083 sq,
708 3004 755 3065 tol
784 3002 909 3066 animas
935 3004 1050 3067 auxilio
1072 3004 1157 3067 iuvet
1178 3007 1274 3086 atque

132 3085 195 3164 haec
211 3108 337 3173 nomina
359 3111 471 3171 servet.
515 3107 555 3171 ib.
575 3107 636 3170 396
648 3127 710 3189 sq.:
732 3127 791 3171 nee
814 3128 878 3189 quo
902 3110 981 3172 lerre
1002 3110 1108 3190 lugam
1132 3090 1190 3172 nec
1211 3129 1275 3191 quo

130 3211 157 3256 ⁵0
175 3217 283 3278 vernae
309 3218 432 3296 posset,
461 3232 579 3295 prensa
607 3213 701 3277 videt.
753 3215 806 3277 cfr.
828 3215 909 3277 Aen.
931 3213 997 3291 ΧΠ,
1020 3214 1098 3277 917:
1130 3234 1188 3279 neo
1210 3234 1275 3296 quo

129 3316 156 3362 ⁵0
174 3317 288 3400 eripiat,
320 3339 380 3384 nee
407 3340 473 3402 qua
501 3320 532 3382 vi
562 3319 672 3383 tendat
700 3321 731 3383 in
762 3320 895 3384 hostem.
936 3320 998 3383 Alii
1018 3319 1131 3384 Valerii
1160 3321 1275 3387 similes

129 3403 175 3476 bei
192 3429 259 3490 sunt
287 3426 323 3504 n,
347 3426 385 3489 19
406 3445 471 3508 sq,
519 3425 567 3502 nr,
596 3425 656 3490 aar
684 3446 748 3507 sa,
787 3427 843 3489 aar
874 3446 937 3507 sq„
967 3427 1113 3509 asosq.
1153 3427 1203 3506 rr,
1224 3429 1274 3506 55,

128 3509 178 3583 uo
195 3549 277 3615 sqq„
307 3532 369 3596 ara
390 3553 456 3614 sq..
497 3531 534 3608 v,
555 3532 594 3595 57
615 3551 679 3614 sq„
714 3533 775 3595 aoo
793 3552 857 3613 sq,
888 3533 948 3595 aaa
976 3551 1038 3616 sq„
1076 3532 1125 3610 m,
1147 3534 1188 3598 33
1217 3554 1274 3617 sq„

128 3616 177 3706 m,
197 3638 250 3702 am
275 3658 360 3720 sqq..
380 3637 456 3715 vni,
479 3639 536 3701 1853
556 3657 623 3719 sq„
644 3638 702 3700 raa
724 3658 772 3720 sq.

130 3775 302 3804 N„—

206 3876 222 3944 ¹t
248 3874 365 3929 Studien
389 3840 422 3944 p..
439 3875 501 3928 ¹288:
537 3875 621 3930 »Eine
652 3875 740 3931 tiltere
772 3875 907 3948 Fassung‚
946 3874 1050 3930 welche
1078 3875 1127 3931 der
1160 3876 1273 3930 Dichter

127 3956 200 4018 liter
218 3962 361 4016 rutmors«.
