2828 4778
767 271 807 339 36

225 457 323 521 virtus
347 453 512 538 Bebrycis,
538 453 557 519 i.
581 473 608 518 e.
638 452 772 537 Bebryx.
816 451 933 531 ulae:
965 454 1011 518 vis
1036 454 1212 532 Achivum,
1245 454 1392 537 VI‚683:

224 564 271 627 vis
291 562 418 627 ducum.
461 560 608 625 Similiter
628 560 707 624 Aen.
730 559 779 638 IV,
794 560 868 624 132:
898 561 997 625 odora
1019 580 1135 626 canum
1156 563 1211 627 vis.
1253 562 1326 628 Val.
1341 564 1391 643 lV,

227 668 302 735 136:
324 668 406 734 caesi
427 671 619 733 maerentem
640 685 758 731 nomen
770 666 871 744 amici,
894 667 913 731 i.
924 687 951 731 e.
961 668 1108 746 amicum,
1119 673 1154 735 ut
1164 668 1313 747 v111‚461
1326 691 1394 754 sq.:

224 777 364 860 ingentia
385 776 515 842 Graium
536 774 676 852 nomina,
698 775 753 839 ie.
776 773 896 839 Graeci.
924 775 960 852 V,
971 775 1049 840 314:
1069 778 1277 860 veterumque
1300 778 1391 860 quod

225 884 345 949 horruit
365 885 462 948 aetas.
482 881 600 961 viar:
623 900 701 964 quos
722 881 809 946 crudi
820 901 910 947 mora
922 881 1042 947 corticis
1052 887 1164 962 armat,
1186 883 1243 949 ie.
1259 890 1389 950 scutum

224 1011 262 1056 cx
284 989 403 1055 arboris
430 991 543 1055 cortice
571 987 706 1067 facturn,
735 987 821 1071 quod
851 987 913 1052 tela
942 992 1090 1054 moretur.
1133 989 1279 1056 Similiter
1305 991 1389 1059 Aen.

223 1096 288 1175 Xll,
302 1098 379 1161 541:
415 1096 504 1179 clipei
529 1115 620 1161 mora
639 1095 730 1161 aerei.
775 1094 842 1160 Val.
860 1095 882 1173 l,
904 1096 962 1160 561
985 1116 1033 1179 sq.
1069 1097 1164 1162 robor
1191 1098 1389 1165 Herculeum

222 1224 279 1289 pro
302 1203 436 1269 Hercule
456 1202 532 1287 ipsu,
553 1203 609 1267 scd
630 1202 701 1267 forti
724 1205 756 1267 et
776 1202 914 1268 robusto.
945 1200 1021 1280 VIII,
1034 1203 1110 1268 335:
1125 1204 1208 1288 Styri
1223 1205 1387 1286 violentia,

224 1312 304 1377 Aen.
326 1311 378 1389 XI,
390 1310 451 1375 376
472 1313 504 1374 et
523 1309 658 1388 Xll,45:
680 1309 827 1375 violentia
847 1309 956 1376 Turni.

303 1442 497 1508 Audaciores
524 1442 718 1507 circuitiones
749 1445 874 1507 exstant
904 1442 971 1507 Val.
993 1441 1015 1522 I,
1029 1443 1087 1509 158
1108 1462 1171 1527 sq.:
1206 1451 1386 1528 sequuntur

223 1550 363 1616 fremitus
382 1569 514 1627 canum,
533 1549 551 1612 i.
571 1568 597 1613 e.
619 1568 714 1613 canes
737 1549 905 1614 frementes
930 1550 980 1614 rel
1001 1551 1191 1616 allatrantes.
1234 1551 1384 1617 Similiter

220 1655 271 1735 Vl,
285 1658 418 1741 t3fsq.:
441 1655 542 1720 coiere
564 1655 706 1720 fremitus
727 1656 865 1721 virorum
887 1657 1030 1736 semiferi,
1053 1658 1070 1721 i.
1083 1677 1110 1722 e.
1134 1658 1304 1724 frementes
1327 1660 1382 1724 viri

220 1763 363 1829 semiferi.
407 1763 448 1827 ib.
473 1763 530 1828 187
553 1783 620 1845 sq.:
651 1761 723 1827 hinc
743 1762 899 1830 barbarici
917 1764 1133 1846 glomerantur
1153 1770 1282 1844 ovatuS,
1308 1767 1382 1832 hinc

219 1872 367 1953 gemitus,
397 1870 576 1954 mixtaeque
597 1869 699 1934 virum
722 1889 795 1936 oum
817 1871 945 1954 pulvere
965 1871 1066 1948 vitae,
1099 1873 1118 1936 i.
1141 1893 1167 1938 e.
1189 1876 1323 1938 ovantes
1351 1877 1382 1939 et

219 1980 380 2060 gementes
409 1976 536 2041 barbari
563 1976 795 2058 glomerantur,
823 1981 855 2043 et
880 1976 1005 2061 plurimi
1034 1979 1091 2046 viri
1120 1979 1225 2045 adhuc
1253 1981 1381 2064 quidem

218 2084 382 2168 spirantes,
404 2082 459 2148 sed
480 2085 660 2166 gravissime
682 2083 848 2164 vulnerati,
870 2084 903 2149 in
926 2087 1055 2170 pulvere
1077 2086 1189 2153 iacent.

591 2369 635 2457 Ε.
695 2369 754 2455 De
782 2365 1002 2480 hyperbole.

299 2583 406 2661 Quint.
428 2583 503 2662 VIII,
514 2585 544 2663 6,
562 2583 619 2649 67:
659 2583 860 2668 Hyperbolen
889 2585 1065 2650 audacioris
1092 2589 1224 2650 ornatus
1249 2606 1376 2652 summo

216 2690 286 2756 loco
315 2691 414 2772 posui.
456 2690 511 2755 Est
540 2690 619 2756 haec
648 2691 762 2756 decens
787 2690 852 2757 veri
880 2691 1081 2773 superiectio:
1115 2692 1212 2757 virtus
1240 2693 1308 2758 eius
1338 2714 1377 2760 ex

216 2797 338 2861 diverso
358 2816 426 2879 par,
448 2797 584 2879 augendi
604 2801 701 2880 atque
719 2798 890 2864 minuendi.
926 2800 1018 2864 Auci.
1038 2799 1080 2864 ad
1102 2797 1240 2865 Herenn.
1257 2800 1306 2879 IV,
1320 2802 1376 2866 33:

216 2903 392 2986 Superlatio
420 2907 467 2968 est
488 2906 588 2970 oratio
608 2925 762 2988 superans
782 2906 967 2984 veritatem,
994 2906 1123 2971 alicuius
1151 2908 1288 2989 augendi
1317 2909 1377 2974 mi-

215 3011 374 3076 nuendive
394 3030 498 3075 causa.
526 3010 647 3095 Tryph.
659 3012 769 3093 (Walz.
783 3013 801 3077 l.
813 3011 966 3095 l.p.74fi):
989 3011 1152 3098 ὑπερβολή
1170 3014 1240 3079 ἐστι
1256 3015 1376 3099 φράσις

214 3117 438 3199 ὑπεραίρουσα
458 3117 518 3202 τήν
539 3116 701 3201 ἀλήθειαν
722 3117 888 3204 αὐξήσεως
908 3116 930 3205 ἥ
949 3117 1110 3200 μειώσεως
1130 3120 1235 3204 χάριν.

295 3250 406 3315 Valerii
426 3248 570 3334 exempla
580 3250 673 3315 huius
692 3251 773 3336 tropi
793 3251 932 3318 invenies
953 3251 974 3331 l,
988 3252 1122 3335 318sq.:
1146 3254 1286 3319 femineis
1300 3257 1374 3320 tan-

214 3360 280 3423 tum
303 3358 355 3423 illa
375 3358 482 3423 furens
503 3358 673 3425 ululatibus
694 3360 814 3439 obstat,
841 3360 945 3425 obruit
965 3361 1092 3426 idaeam
1115 3363 1271 3444 quantum
1293 3362 1373 3427 tuba

213 3463 326 3529 Martia
357 3465 487 3530 buxum.
525 3465 581 3531 cfr.
603 3468 683 3531 Aen.
712 3467 747 3547 ll,
768 3468 846 3533 488:
878 3467 948 3533 ferit
981 3486 1078 3534 aurea
1109 3468 1211 3533 sidera
1242 3466 1372 3534 clamor.

211 3570 361 3652 Lepidam
385 3571 496 3635 Valerii
518 3571 712 3654 hyperbolen
734 3574 872 3638 invenies
893 3572 930 3652 V,
947 3575 1026 3639 592:
1048 3574 1165 3654 ingenti
1187 3575 1371 3640 turbantem

211 3677 325 3759 pocula
354 3679 463 3743 barba.
504 3678 553 3756 IV,
573 3680 647 3743 195:
673 3699 825 3763 spumans
852 3681 992 3745 funditus
1019 3681 1137 3759 amnis,
1169 3683 1223 3746 ubi
1252 3681 1372 3746 Friese-

212 3801 349 3847 mannus
379 3784 563 3849 »fluctibus«
596 3785 724 3867 scripsit.
756 3784 884 3868 Ingenio
917 3786 1008 3851 valde
1040 3788 1134 3869 pocta
1161 3788 1289 3853 indulsit
1318 3789 1368 3868 Vl,

210 3890 270 3955 235
288 3909 352 3972 sq.:
381 3891 540 3972 ingentem
569 3893 688 3975 campis
713 3891 876 3958 hostilibus
902 3893 1048 3957 umbram
1078 3895 1136 3959 fert
1163 3895 1258 3961 abies.
1292 3895 1369 3975 VIII,

211 3997 288 4060 334:
308 3996 417 4061 crebra
436 3998 528 4063 ruina
549 3999 611 4082 poli
634 3999 778 4064 caelestia
799 4000 906 4064 limina
926 4000 1020 4078 laxat,
1042 4000 1059 4064 i.
1082 4022 1108 4066 e.
1129 4000 1281 4086 Olympus
1302 4003 1369 4085 ipse

209 4103 344 4189 conspici
360 4102 490 4167 videtur.
521 4104 590 4170 Hoc
600 4105 668 4169 loco
684 4105 847 4171 afferenda
864 4110 938 4170 sunt
953 4106 1037 4171 dicta
1059 4112 1094 4173 ut
1104 4107 1139 4187 ll,
1149 4109 1227 4173 491:
1248 4108 1370 4192 Neptu·
