2844 4748
693 195 734 270 84

214 371 356 454 Denique
376 371 557 435 conferatur
571 371 607 449 V,
628 371 690 436 473
703 393 765 456 sq:
785 375 944 458 siquando
964 374 1092 440 solebat
1114 396 1287 461 memorarq
1323 407 1331 445 ι.

134 478 188 542 ubi
208 478 375 561 »quaudo«
398 479 430 542 et
452 478 609 542 »solebat«
632 479 690 542 sibi
714 481 930 546 contradicere
951 481 1117 547 videntur.

468 737 499 814 β.
517 733 565 798 Do
585 732 695 814 figura
718 736 752 801 ἓν
773 734 829 796 did
851 735 952 798 δυοῖν.

212 912 242 977 Α
267 911 300 975 C.
316 911 348 976 F.
364 912 414 976 W.
429 912 561 977 Miillero
572 913 592 994 ¹)
614 914 694 978 haec
715 915 817 994 figura
838 915 921 978 bene
936 913 997 978 hoc
1014 914 1117 979 modo
1139 916 1288 981 definitiu:

132 1017 173 1081 Es
193 1019 232 1081 ist
252 1018 404 1100 diejenige
424 1019 535 1101 rigui,
565 1020 614 1084 die
643 1022 692 1085 fiir
721 1022 772 1085 ein
801 1021 939 1087 sachlich
968 1021 1014 1085 als
1035 1022 1220 1102 ungetheilt
1243 1040 1287 1086 zur

133 1123 347 1206 Erscheinung
367 1127 571 1191 kommendcs
590 1126 703 1209 Objekt
725 1128 801 1190 zwei
814 1126 1201 1209 copulativverbundene
1214 1128 1288 1195 Aue.

132 1232 248 1296 driicke
258 1235 344 1310 setzt‚
357 1234 453 1296 deren
462 1233 549 1314 jeder
560 1234 697 1297 einzelne
711 1235 831 1298 seinem
842 1233 960 1316 Begriff
968 1233 1053 1297 nach
1065 1233 1117 1298 die
1132 1235 1287 1317 rehigkeit

132 1338 205 1414 hat,
237 1337 284 1401 als
312 1339 368 1403 der
395 1359 433 1403 zu
462 1339 694 1403 bezeichnende
721 1360 819 1421 gaure
850 1341 917 1405 und
948 1340 1030 1404 auch
1064 1340 1113 1405 als
1148 1342 1208 1407 der
1233 1343 1290 1406 ihm

132 1445 289 1528 copulativ
310 1445 496 1510 verbundne
516 1447 548 1509 in
570 1446 625 1510 der
646 1446 863 1510 Wirklichkeit
883 1447 951 1510 sich
974 1466 1013 1510 zu
1034 1447 1215 1528 gestaben,
1232 1448 1290 1512 und

132 1554 183 1618 die
214 1553 280 1616 sich
314 1572 349 1615 so
374 1552 464 1616 beidc
486 1553 543 1627 :die
574 1553 788 1617 bestimmtere
816 1552 1150 1635 Erscheinungsform‚
1181 1556 1216 1619 in
1246 1554 1293 1620 der

131 1661 187 1724 der
228 1659 346 1723 andere
388 1660 544 1723 aultreten
584 1658 656 1736 soll,
690 1659 844 1740 angeben.
896 1659 965 1725 Aur
1004 1659 1152 1724 dasselbe
1198 1661 1292 1744 gehen

130 1765 311 1830 Hermanus
331 1766 440 1829 Worte
463 1785 521 1829 aus
543 1786 582 1828 zu
603 1765 707 1847 Eurip.
729 1766 796 1847 Iph.
818 1765 857 1830 Α.
879 1765 934 1829 65:
962 1766 1064 1846 figura
1089 1766 1174 1832 haec
1194 1769 1292 1833 locum

130 1872 227 1936 habet
257 1873 289 1935 in
317 1872 353 1935 iis
382 1891 465 1954 quae
495 1875 526 1936 et
555 1873 724 1935 coniuncta
754 1876 785 1935 et
813 1872 969 1936 disiuncta
998 1873 1130 1953 cogitari
1151 1879 1293 1957 possunt,

130 1999 196 2043 non
218 1980 251 2043 in
276 1978 333 2042 illis
356 1998 439 2061 quae
461 1979 629 2043 coniuncta
649 1979 788 2042 absurda
811 1983 894 2042 sunt.

211 2086 399 2168 Saepissime
414 2085 492 2149 haec
507 2086 608 2167 figura
623 2087 711 2167 apud
723 2085 895 2168 Vergilium
906 2089 938 2148 et
950 2084 1112 2149 Valerium
1124 2086 1292 2152 invenitur.

129 2195 175 2258 Ne
196 2195 309 2275 longus
328 2193 397 2269 sim,
421 2193 609 2274 ambagibus
628 2192 740 2270 missis,
764 2213 863 2275 quam
883 2192 1066 2256 brevissime
1087 2193 1155 2274 geri
1170 2195 1294 2276 poterit,

130 2301 254 2382 singula
276 2299 392 2363 Valerii
414 2299 558 2380 exempla
579 2299 721 2363 afferam.

213 2408 239 2470 1.
263 2405 408 2470 Alterum
428 2404 663 2468 substantivum
686 2405 831 2468 adiectivi
852 2403 921 2468 loco
942 2405 1083 2486 positum
1104 2405 1162 2468 est.
1200 2432 1204 2443 ¹

209 2513 232 2590 Ι,
247 2513 323 2576 322:
346 2512 401 2576 sed
421 2511 503 2575 bella
521 2511 577 2575 tibi
593 2515 755 2593 terrasque
771 2512 933 2588 timebam,
953 2511 972 2573 i.
987 2530 1013 2574 e.
1028 2511 1112 2574 bella
1125 2513 1296 2576 terrestria.

129 2618 165 2694 ΙΙ,
190 2619 247 2682 123
269 2639 332 2701 sq:
381 2617 478 2682 talem
513 2618 586 2682 diva
629 2618 688 2681 sibi
726 2617 912 2699 scelerisque
947 2619 1075 2700 dolique
1111 2618 1293 2683 ministram

129 2725 252 2805 quaerit
273 2744 387 2802 avem,
417 2745 489 2805 pro:
516 2726 660 2789 scelerosi
689 2725 751 2788 doli
773 2725 822 2788 vel
843 2725 944 2788 dolosi
968 2724 1091 2789 sceleris
1110 2725 1293 2790 ministram

129 2831 259 2913 quaerit.
311 2831 364 2907 cfr.
384 2831 465 2895 Aen.
490 2832 526 2909 ΙΙ,
559 2833 631 2895 106:
659 2832 759 2912 ignari
786 2831 940 2895 scelerum
962 2834 1129 2896 tantorum
1150 2832 1294 2914 artisque

127 2937 286 3018 Pelasgae.
323 2936 364 2999 ib.
386 2936 408 3014 l,
428 2937 503 3000 566:
524 2939 719 3021 virtutesque
733 2939 889 3021 virosque,
912 2940 931 3001 i.
948 2959 974 3002 e.
996 2939 1112 3002 virtute
1129 2939 1295 3021 praeditos

127 3045 219 3108 viros.
269 3042 338 3107 Val.
360 3042 413 3120 ΠΙ,
437 3043 511 3106 168;
540 3047 674 3126 occupat
695 3064 729 3107 os
749 3045 948 3127 barbamque
969 3045 1042 3122 viri,
1065 3045 1085 3107 i.
1106 3063 1133 3108 e.
1159 3065 1195 3109 os
1219 3045 1294 3110 bar·

124 3155 249 3218 batum.
286 3152 327 3215 ib.
348 3151 409 3214 mc
430 3171 493 3233 sq:
528 3171 584 3214 vos
602 3151 741 3233 prodite,
763 3153 869 3229 divae,
889 3152 1102 3215 Eumenidum
1123 3153 1295 3236 noctisque

127 3262 254 3344 globos
285 3260 304 3322 i.
327 3279 354 3322 e.
375 3259 587 3322 Eumenidum
616 3263 846 3323 nocturnarum
873 3258 921 3323 vel
952 3263 1046 3323 nocte
1076 3261 1294 3340 grassantium

127 3368 245 3449 globos.
285 3367 433 3430 Similiter
451 3366 572 3429 dictum
592 3369 639 3429 est
655 3366 717 3443 Vll,
736 3366 811 3429 403:
835 3365 868 3428 in
889 3366 1000 3429 mediis
1019 3365 1120 3429 noctis
1136 3367 1294 3431 nemoris·

127 3495 189 3556 que
212 3473 364 3549 tenebris,
394 3473 412 3535 i.
436 3491 463 3535 c.
485 3473 631 3536 nocturni
654 3474 801 3536 nemoris.
851 3472 902 3549 ΙΙΙ,
931 3472 1004 3535 237:
1036 3471 1125 3535 audit
1145 3472 1294 3538 fremitus

128 3581 252 3661 irasque
271 3579 410 3656 leonum,
434 3579 452 3641 i.
467 3598 494 3642 e.
518 3580 659 3642 fremitus
681 3580 778 3643 iratos
800 3579 926 3644 leonum
950 3578 999 3642 vel
1020 3579 1126 3660 potius
1146 3579 1295 3645 fremitus

127 3688 280 3750 iratorum
301 3686 438 3749 leonum.
487 3684 574 3748 Idem
601 3687 665 3750 fere
696 3689 743 3749 est
764 3686 844 3750 Aen.
864 3685 927 3762 VH,
959 3686 1011 3749 15:
1041 3684 1116 3748 hinc
1145 3687 1292 3765 exaudiri

126 3793 261 3876 gemitus
284 3793 411 3873 iraeque
425 3792 569 3855 leonum!
597 3791 747 3856 Gonferas
761 3791 828 3856 Val.
850 3792 897 3869 ΙΙΙ,
919 3792 979 3857 696
1001 3813 1065 3875 sq:
1088 3811 1153 3856 non
1177 3795 1290 3858 tamen

128 3952 320 3965 ——-·—·—··-

230 4015 249 4087 1)
267 4014 286 4066 1.
308 4013 326 4068 1.
344 4033 369 4087 p.
391 4015 449 4068 300.
