2844 4748
494 1284 501 1293 Ι
561 1123 860 1227 THESES.

703 1441 733 1515 Ι..

210 1598 276 1663 Nec
296 1597 364 1662 Val.
387 1598 462 1679 Arg.
485 1598 508 1676 l,
530 1598 609 1662 lna:
652 1597 714 1660 tuis
738 1616 815 1659 nam
837 1596 947 1676 pendit
967 1595 1000 1658 in
1023 1595 1120 1670 arne,
1150 1593 1294 1656 codicum

125 1704 288 1786 scriptura
307 1700 463 1767 mutanda
485 1707 543 1780 est,
564 1723 623 1767 nec
638 1702 706 1765 Val.
725 1702 802 1783 Arg.
820 1701 842 1778 l,
857 1701 918 1765 449
939 1721 999 1783 pro
1021 1701 1154 1763 lectione
1175 1700 1294 1762 usitata

128 1810 316 1893 »perderet«
340 1809 460 1874 Heinsii
484 1811 532 1873 vel
555 1808 738 1873 Baehrensii
757 1808 959 1873 coniecturae
978 1807 1164 1889 probandae
1187 1809 1270 1869 sunt.

696 1989 731 2052 ΙΙ.

146 2116 150 2125 “
214 2119 249 2180 ln
260 2119 385 2182 dicendi
401 2140 516 2201 genere
528 2118 670 2183 Valerius
682 2120 853 2201 praecipue
864 2118 1047 2199 Vergilium,
1065 2118 1098 2182 in
1113 2139 1146 2182 re
1162 2118 1294 2181 metrica

125 2225 282 2290 Ovidium
302 2226 503 2306 potissimum
522 2226 675 2290 imitatur.

698 2381 748 2464 Ill.

213 2510 295 2574 Cum
314 2511 401 2592 apud
412 2510 574 2574 Valerium
593 2484 701 2591 plnres
723 2530 822 2592 quam
834 2511 920 2592 apud
931 2510 1103 2590 Vergilium
1122 2508 1294 2573 Graecismi

126 2618 351 2694 inveniantur,
384 2620 494 2681 tamen
525 2617 576 2681 hic
609 2617 642 2680 in
673 2616 856 2681 adhibendo
885 2617 1066 2680 accusativo
1097 2617 1152 2698 qui
1180 2616 1295 2680 dicitur

128 2724 273 2789 Graecus
293 2723 383 2786 illum
403 2727 542 2806 superat.

692 2879 742 2943 lv.

213 3009 362 3075 Tacitum
383 3012 448 3076 iere
468 3031 554 3076 anno
575 3011 642 3076 LIV
661 3016 774 3076 natum
794 3031 862 3076 esse
883 3012 1052 3075 verisimile
1073 3013 1130 3074 est.

696 3192 734 3256 V.

212 3321 314 3385 Taciti
335 3322 401 3384 vita
414 3322 580 3402 Agricolae
601 3342 666 3385 non
684 3326 731 3386 est
747 3324 849 3386 oratio
861 3322 1002 3386 funebris
1019 3322 1052 3383 in
1073 3321 1143 3384 libri
1159 3321 1295 3384 sormam

130 3427 261 3491 redacta
288 3447 394 3511 neque
422 3429 501 3492 liber
525 3429 568 3492 ad
588 3429 689 3493 Taciti
710 3434 742 3493 et
763 3431 863 3494 soceri
886 3432 1040 3493 honorem
1062 3426 1294 3492 restituendum

129 3535 276 3616 scriptuS‚
298 3535 354 3599 sed
376 3538 425 3599 est
443 3554 523 3617 opus
546 3535 733 3609 historicum
753 3536 867 3600 honori
887 3536 987 3600 soceri
1008 3534 1212 3600 destinatum.

687 3715 737 3779 Vl.

212 3843 345 3925 Pelasgi,
369 3846 455 3926 quod
477 3866 594 3910 nomen
624 3846 665 3911 de
685 3847 784 3911 verbo
806 3846 894 3910 πέλω
918 3851 950 3910 ct
978 3847 1177 3912 substantivo
1200 3842 1295 3927 ἄργος
1386 3834 1389 3839 ⁴

131 3968 197 4013 non
226 3950 310 4014 male
339 3950 514 4032 derivatur,
540 3954 562 4017 ii
590 3954 685 4018 fuisse
712 3953 876 4030 videnlur,
904 3955 960 4036 qui
989 3953 1114 4019 cultura
1141 3972 1292 4035 agrorum

132 4060 256 4122 ceteros
277 4060 514 4142 praecederent.
