2828 4778
690 293 730 366 79

137 480 230 561 ades,
248 487 284 547 ut
301 480 510 546 Baehrensius
531 460 597 545 non
614 481 697 544 rnale
715 479 855 544 coniecit.
900 479 935 557 II,
948 482 1008 545 335
1024 501 1088 564 sq.:
1111 480 1190 546 haec
1206 484 1300 546 antra

143 591 171 650 et
189 589 304 654 domos.
345 587 383 666 V,
405 589 444 651 8:
480 587 599 650 humus
618 587 781 668 sedesque.
826 585 907 650 Aen.
928 587 993 664 Vll,
1014 589 1072 651 52:
1107 587 1239 652 domum
1269 592 1301 653 et

144 695 229 760 sedes.
270 696 339 760 Val.
359 695 382 772 I,
404 695 466 758 489
486 715 552 776 sq.:
589 693 687 757 saltus
719 697 751 757 et
784 693 892 757 lustra.
936 693 1017 758 Aen.
1039 692 1089 783 IV,
1112 695 1170 759 72:
1207 696 1301 760 siluas

147 801 300 886 saltusque.
340 802 408 866 Val.
430 801 465 878 II,
488 801 568 864 616;
601 800 661 863 has
682 800 778 864 etiarn
800 802 900 863 terras
920 804 1130 883 consertaque
1151 801 1299 882 gentibus

151 923 220 972 arua.
257 908 294 986 V,
307 909 364 972 341
389 929 454 990 sq.:
477 907 590 970 fluvIos
611 907 777 988 ripamque
801 906 927 988 petebat
948 905 1102 970 Phasidis.
1134 907 1211 984 VIII,
1227 909 1300 972 188:

152 1018 350 1096 amputamus
377 1018 408 1077 et
428 1013 560 1076 undam.
601 1011 682 1076 Aen.
705 1011 754 1090 VI,
777 1013 858 1075 298:
893 1011 954 1102 ‚has
981 1031 1082 1094 aquas
1108 1018 1139 1077 et
1165 1014 1300 1078 flunrina

102 1118 110 1155 '·
152 1125 241 1184 serrat.
280 1119 349 1184 Val.
373 1120 423 1197 IV,
445 1119 523 1182 uta:
558 1139 614 1201 per
642 1119 738 1183 litoris
760 1138 859 1183 oram.
901 1118 982 1183 Aen.
1005 1118 1053 1197 III,
1077 1121 1136 1185 75:
1168 1140 1240 1185 oras
1268 1125 1300 1186 et

152 1219 223 1290 lilora
249 1221 377 1292 circum.
417 1225 485 1290 Val.
507 1225 542 1303 ll,
566 1226 639 1289 170:
685 1229 770 1290 tecta
804 1225 1034 1309 thalamosque.
1078 1226 1300 1311 v1‚455sq.:

150 1328 288 1397 thalamos
308 1336 341 1397 et
360 1334 453 1395 tecla.

211 1463 246 1541 II,
266 1463 345 1526 aad:
388 1461 546 1526 invadunt
570 1465 658 1526 artus
688 1465 719 1524 et
747 1480 887 1544 corpora.
932 1463 1067 1527 »Arius«
1099 1463 1263 1547 Meynckio
1278 1464 1300 1545 ¹)

147 1564 272 1634 debetur.
314 1569 396 1633 Aen.
419 1568 481 1645 VII,
503 1568 582 1631 458:
604 1586 740 1649 ossaque
762 1571 794 1631 et
815 1573 912 1632 artus.
954 1569 1021 1632 Val.
1043 1569 1078 1647 II,
1101 1570 1179 1633 268:
1212 1570 1300 1635 sinus

143 1669 316 1758 hederisque
337 1675 415 1754 ligat
436 1673 641 1738 famularibus
661 1677 759 1736 artus.
800 1673 849 1751 Ill,
871 1675 933 1738 556
954 1694 1021 1757 sq.:
1056 1680 1143 1739 artus
1169 1678 1200 1739 et
1222 1695 1299 1740 con·

143 1781 190 1847 cita
211 1786 342 1866 pectora
363 1780 462 1844 sudor
484 1780 626 1843 diluerat.
670 1779 719 1856 VI,
741 1779 804 1843 480
825 1799 889 1862 sq.:
923 1801 1023 1862 pavor
1044 1786 1134 1845 artus
1156 1783 1301 1863 protinus

141 1888 236 1973 adque
270 1889 381 1968 ingens
410 1886 545 1950 Aeetida
578 1884 710 1967 perculit
740 1884 860 1948 horror.
904 1885 953 1963 IV,
976 1886 1038 1950 Ill
1058 1907 1122 1969 sq.:
1159 1889 1301 1970 ingentes

139 2011 258 2061 umeros
289 1993 493 2076 spatIosaque
527 1991 661 2074 pectoris
693 2010 763 2057 ossa
795 1992 926 2072 protulit
953 1993 1194 2076 horrendosque
1225 1996 1300 2059 toris

133 2099 317 2167 informibus
338 2104 434 2164 artus.
478 2099 559 2162 Aen.
582 2096 619 2174 V,
640 2098 717 2161 422:
750 2101 782 2162 et
808 2117 942 2179 magnos
963 2100 1181 2164 membrorum
1202 2103 1299 2178 artus,

131 2224 249 2292 magna
271 2226 342 2271 ossa
360 2204 565 2285 lacertosque.
607 2202 674 2266 Val.
695 2203 772 2281 VIII,
794 2204 851 2267 6οε
873 2203 980 2268 oculos
1002 2208 1034 2269 et
1054 2204 1175 2269 lumina
1197 2209 1297 2271 torua.

126 2310 194 2382 Iam
225 2309 446 2397 Meynckiust)
474 2311 567 2388 dixit,
600 2329 640 2374 ne
671 2311 899 2392 significatione
930 2312 1060 2394 quidem
1091 2312 1141 2377 vel
1176 2312 1300 2377 dicendi

125 2423 232 2489 colore
254 2420 425 2504 quicquam
447 2418 529 2482 inter
549 2417 656 2482 oculos
677 2420 709 2481 et
729 2417 850 2482 lumina
873 2418 1030 2483 interesse.
1070 2418 1193 2500 Vergilii
1214 2419 1300 2483 simi·

120 2524 170 2595 les
191 2529 254 2592 loci
275 2529 351 2591 sunt
371 2524 452 2589 Aen.
473 2524 509 2602 Π,
532 2525 610 2588 531:
640 2527 715 2588 ante
735 2524 845 2589 oculos
864 2527 964 2589 evasit
986 2529 1018 2588 et
1038 2545 1095 2590 ora
1117 2531 1298 2608 parentum,

119 2631 181 2714 lx,
205 2634 285 2699 251:
313 2632 434 2697 voltum
456 2631 592 2695 lacrimis
618 2636 715 2713 atque
737 2651 794 2694 ora
814 2632 948 2712 rigabat.
989 2631 1076 2695 Idem
1100 2636 1147 2696 est
1168 2633 1208 2711 X,
1229 2634 1300 2698 881.

118 2738 181 2819 XI,
204 2741 261 2804 39:
294 2741 442 2822 caputet
463 2757 529 2802 ora.
573 2736 626 2815 XI,
648 2737 707 2801 887
729 2741 762 2800 et
782 2736 848 2814 XII,
870 2737 931 2800 656
951 2757 1016 2819 sq.:
1052 2738 1161 2803 oculos
1181 2743 1213 2805 et
1234 2759 1300 2805 ora.

120 2846 168 2924 X,
188 2847 267 2910 699:
290 2848 424 2927 occupat
446 2864 481 2909 os
503 2843 689 2927 faciemque.
730 2842 793 2920 Vll,
815 2844 857 2906 94
877 2864 937 2926 sq.:
960 2849 1048 2926 tergo
1068 2848 1100 2909 et
1121 2847 1298 2912 velleribus,

211 3001 280 3065 Val.
303 2999 353 3077 IV,
377 3000 435 3063 166
455 3019 522 3082 sq.:
554 2999 672 3080 pabula
699 2999 770 3064 dira
799 3003 831 3064 et
857 3001 986 3066 miseras
1007 3001 1116 3084 dapes.
1158 3002 1199 3066 ib.
1222 3002 1300 3066 339:

123 3109 194 3173 liba
215 3108 386 3190 dapesque.
418 3106 466 3185 III,
478 3107 556 3170 346:
578 3105 674 3170 decus
685 3107 838 3190 regnique
854 3108 983 3191 insigne.
1015 3110 1056 3172 lb.
1068 3110 1147 3173 657:
1163 3109 1299 3173 tolerare

129 3233 237 3280 moras
269 3219 301 3277 et
322 3215 429 3278 inania
449 3218 602 3295 tempora.
644 3213 725 3277 Aen.
747 3213 796 3291 IV,
820 3215 900 3278 433:
937 3219 1063 3296 tempus
1093 3215 1190 3279 inane
1217 3218 1300 3296 pet0,

132 3321 271 3404 requiem
290 3321 492 3402 spatiumque
514 3319 621 3384 furori.
661 3319 703 3383 ib.
726 3319 762 3397 V,
783 3320 863 3382 458:
893 3339 952 3384 nec
973 3340 1065 3386 mora
1086 3340 1145 3385 nec
1167 3321 1299 3402 requies.

133 3427 199 3492 Val.
214 3427 251 3504 V,
274 3427 351 3491 377:
391 3427 457 3490 dux
483 3426 686 3507 dominaque.
726 3424 802 3503 VIII,
825 3425 885 3489 388
906 3445 969 3507 sq.:
1009 3429 1299 3509 tempestatumque

133 3535 272 3617 refringit
293 3536 526 3616 ventorumque
547 3534 669 3597 domos.

212 3665 256 3730 Ut
276 3664 452 3728 sententiae
473 3663 520 3726 vis
535 3663 634 3743 magis
653 3666 823 3744 augeatur,
846 3662 929 3726 idern
949 3662 1075 3726 duobus
1097 3647 1301 3729 substantivis

136 3770 273 3836 Valerius
300 3769 462 3853 exprimit,
489 3789 573 3853 quae
600 3788 665 3833 non
694 3788 874 3852 synonyma
901 3769 1048 3852 quidem,
1078 3770 1134 3834 sed
1155 3790 1191 3834 re
1217 3774 1249 3836 et
1269 3773 1300 3835 vi

137 3877 199 3942 sola
219 3877 279 3942 sibi
300 3876 411 3940 slmilia
432 3877 504 3954 sint,
527 3895 592 3960 qua
611 3896 644 3938 re
664 3876 803 3940 iucunda
824 3876 957 3941 variatio
974 3876 1117 3940 efficitur.
1149 3876 1300 3960 Exempla

542 4034 561 4061 ι

205 4111 224 4185 ¹)
243 4108 312 4163 Mus.
331 4109 420 4162 Rhen.
439 4107 457 4162 l.
477 4107 495 4160 l.
516 4125 542 4178 p.
560 4105 619 4159 363.
640 4134 673 4142 -
695 4104 716 4176 ⁹)
735 4103 845 4172 Quaest.
864 4105 927 4161 Val.
946 4123 972 4176 p.
991 4104 1032 4160 37.
