2828 4778
742 248 763 316 t

188 424 312 494 lecturis
342 425 526 509 indigerent.
567 427 677 493 Artem
708 432 816 494 autem
847 428 984 494 criticam
1014 449 1079 495 non
1110 432 1344 514 angustioribus

187 535 326 601 terminis
347 554 413 598 esse
435 534 655 613 coercendam,
677 537 733 601 sed
755 537 913 602 interdum
934 537 1129 603 violentiores
1150 540 1342 605 mutationes

186 641 328 706 adhiberi
358 661 484 707 necesse
516 663 596 720 esse,
629 644 694 709 iure
728 645 786 708 Ph.
815 645 991 726 Wagnerus
1001 645 1038 725 ¹),
1069 645 1111 709 M.
1141 644 1339 729 Hauptius2),

186 748 431 830 Schenkelius³),
451 749 661 815 Baehrensius
668 750 693 832 ⁴)
715 750 869 816 dixerunt.
892 752 1013 830 Quibus
1029 771 1049 815 a
1065 752 1138 816 viris
1151 771 1221 817 cum
1237 755 1336 816 artem

186 856 325 920 criticam
346 856 451 920 multis
473 855 546 920 locis
567 858 641 920 satis
662 857 757 922 libere
779 859 946 922 exercitam
969 878 1035 922 esse
1056 860 1201 942 probem,
1229 863 1337 922 tamen

185 961 228 1028 ab
260 962 359 1027 altera
393 966 483 1046 parte
510 962 550 1027 Μ.
571 963 740 1029 Schmitzio
777 985 904 1048 quoque
931 966 1168 1031 assentiendum
1194 969 1253 1044 est,
1285 966 1340 1048 qui

185 1068 307 1153 dicitl),
328 1070 462 1136 nimium
490 1071 634 1136 mutandi
661 1073 799 1136 studium
829 1093 926 1155 quam
949 1074 1085 1137 maxime
1106 1072 1340 1157 reprimendum

183 1197 259 1254 esse,
280 1176 525 1261 primumquod
548 1177 688 1242 Valerius
708 1178 802 1242 libros
822 1198 888 1242 non
909 1179 983 1242 satis
1004 1181 1204 1262 perpoliverit
1228 1184 1260 1244 et
1281 1180 1341 1242 im·

183 1284 336 1368 perfectos
367 1284 456 1348 nobis
489 1283 648 1368 reliquerit
656 1283 696 1366 ⁶),
731 1285 844 1350 deinde
879 1284 965 1368 quod
1005 1286 1183 1368 saepissime
1213 1291 1342 1370 propter

183 1392 344 1474 proprium
358 1391 469 1456 Valerii
486 1378 608 1456 dicendi
626 1412 725 1474 genus
739 1412 804 1457 non
817 1393 1047 1470 emendatione,
1065 1393 1120 1456 sed
1136 1394 1342 1476 explicatione

184 1519 262 1584 opus
282 1499 329 1564 sit.
361 1498 472 1582 Neque
488 1500 572 1563 enim
587 1498 729 1564 Valerius
744 1518 846 1582 aeque
866 1519 904 1565 ac
918 1499 1068 1582 Vergilius
1085 1504 1131 1564 est
1144 1499 1342 1580 iudicandus,

183 1608 215 1671 et
235 1604 404 1683 nonnulla,
431 1625 514 1688 quae
540 1605 627 1688 apud
648 1605 735 1671 hunc
754 1606 883 1671 omnino
904 1606 976 1671 ferri
998 1626 1064 1671 non
1084 1610 1224 1691 possent,
1254 1609 1344 1690 apud

181 1712 270 1779 illum
290 1712 380 1777 nobis
401 1711 468 1777 sine
490 1711 555 1777 ulla
575 1712 747 1779 offensione
767 1732 832 1778 esse
853 1713 978 1778 debent.
1021 1714 1131 1779 Sermo
1160 1714 1243 1779 enim
1273 1733 1343 1779 non

182 1823 229 1885 est
255 1839 304 1886 res
327 1819 445 1885 stabilis
472 1822 503 1885 et
531 1840 614 1903 quae
642 1819 757 1885 mutari
785 1840 850 1885 non
879 1821 987 1902 possit,
1019 1822 1074 1885 sed
1108 1841 1201 1889 suum
1227 1821 1343 1904 cuique

181 1926 322 2011 scriptori
347 1946 446 2008 genus
466 1927 588 1991 dicendi
606 1929 661 1993 est.
692 1926 832 1992 Valerius
852 1930 959 1993 autem
982 1928 1079 1992 utitur
1099 1947 1242 1995 sermone
1260 1928 1343 1999 duro

182 2036 278 2117 atque
304 2032 447 2112 horrido,
476 2053 584 2098 versus
615 2052 710 2119 saepe
742 2033 826 2099 male
856 2037 1029 2101 nectuntur
1060 2034 1110 2099 vel
1142 2034 1175 2099 in
1205 2035 1343 2101 transitu

182 2139 310 2224 aliquod
336 2140 496 2207 vinculum
526 2140 627 2220 deest,
655 2145 691 2204 ut
717 2142 948 2207 enuntiationes
975 2141 1068 2208 nullis
1095 2143 1151 2206 aut
1177 2141 1341 2209 lenissimis

182 2245 299 2330 copulis
314 2247 395 2313 inter
410 2266 443 2311 se
457 2246 633 2329 implicatae
649 2248 879 2324 contineantur,
892 2248 1065 2313 sententiae
1079 2247 1157 2314 ordo
1175 2248 1341 2332 aliquoties

181 2353 327 2421 turbatus
355 2356 414 2432 est,
443 2353 669 2418 vocabulorum
698 2354 792 2421 series
818 2353 909 2418 valde
939 2354 1157 2433 confunditur,
1185 2355 1342 2438 multique

180 2459 239 2526 loci
259 2478 377 2542 magna
396 2459 587 2527 obscuritate
608 2463 639 2524 et
658 2459 812 2525 brevitate
831 2460 994 2537 laborant,
1021 2480 1086 2543 quo
1108 2461 1160 2538 iit,
1183 2465 1218 2526 ut
1239 2461 1341 2531 multa

180 2566 350 2650 singularia
372 2568 403 2631 et
424 2566 542 2633 multae
572 2565 614 2630 ab
636 2586 695 2631 usu
723 2566 880 2632 bonorum
902 2567 1088 2651 scriptorum
1111 2566 1341 2651 discrepantiae

181 2673 391 2739 inveniantur.
433 2673 552 2742 Genere
575 2674 699 2740 dicendi
720 2673 821 2755 magis
852 2693 948 2757 quam
975 2674 1027 2738 vix
1055 2674 1133 2739 alius
1162 2674 1290 2738 discedit
1318 2694 1340 2740 a

181 2800 296 2864 genere
317 2782 470 2847 sermonis
498 2802 564 2847 non
590 2782 693 2847 solum
715 2782 905 2865 optimorum
931 2783 1134 2865 scriptorum,
1159 2779 1215 2845 sed
1241 2779 1340 2844 etiam

181 2884 358 2970 poetarum
384 2887 464 2952 illius
497 2888 660 2971 temporis,
700 2889 814 2970 quibus
850 2888 1040 2952 liberrimam
1079 2886 1339 2954 consuetudinem

180 2993 334 3059 scribendi
361 2994 454 3059 tuisse
483 2993 681 3058 notissimum
711 2997 766 3057 est.
811 2994 964 3071 »Poema,
994 2995 1095 3076 inquit
1119 2993 1294 3076 Madvigius
1302 2991 1339 3074 l),

180 3100 338 3167 tumidam
359 3099 456 3165 habet
475 3099 702 3165 sententiarum
734 3102 765 3162 et
792 3099 965 3180 imaginum
994 3099 1144 3178 formam,
1173 3099 1338 3166 molestam

181 3211 212 3282 et
240 3206 420 3277 affectatam
449 3206 685 3272 elocutionem«
736 3205 817 3271 Cum
843 3205 985 3271 Valerius
1012 3206 1262 3290 diligentissimus
1289 3207 1339 3285 sit,

181 3317 290 3381 tamen
327 3333 431 3380 sermo
458 3314 525 3380 eius
558 3313 738 3396 saepissime
773 3312 871 3378 durus
898 3317 955 3378 est.
987 3313 1097 3398 ltaque
1131 3314 1339 3381 Baehrensius

282 3569 302 3638 ¹)
321 3567 482 3639 Philologus
505 3570 571 3624 tom.
596 3569 647 3623 XX
672 3587 699 3639 p.
716 3569 774 3624 627.
793 3599 825 3610 -·
847 3569 868 3639 ¹)
888 3569 1000 3624 Hermes
1026 3569 1091 3622 tom.
1112 3567 1152 3621 III
1177 3586 1203 3637 p.
1221 3567 1271 3623 212
1297 3583 1336 3632 sq.
1361 3626 1374 3659 o

182 3681 214 3692 -
234 3652 255 3722 ⁸)
273 3655 360 3724 praef.
380 3673 406 3725 p.
416 3655 448 3709 V.
468 3684 500 3694 —
520 3655 542 3724 ⁴)
560 3654 646 3724 praef.
664 3673 690 3725 p.
709 3655 783 3709 XHI.
803 3686 834 3694 -
857 3655 877 3722 ⁶)
896 3656 936 3709 De
948 3654 1038 3709 Valet.
1056 3653 1095 3709 ΕΙ.
1114 3651 1222 3709 dicendi
1237 3666 1337 3722 genere

181 3739 363 3807 quaestiones,
382 3742 498 3796 Monost.
517 3740 584 3795 1872
603 3759 628 3810 p.
640 3741 664 3795 3.
682 3770 715 3780 -
736 3741 758 3809 ⁸)
776 3740 856 3794 Thilo
874 3739 943 3809 prol.
961 3757 987 3808 p
1006 3737 1096 3793 XXVI
1115 3755 1174 3806 sqq.
1193 3738 1221 3792 et
1236 3737 1337 3793 Schen-

181 3823 270 3878 kelius
287 3825 404 3881 Studien
422 3826 440 3881 l.
459 3826 477 3881 l.
496 3844 522 3895 p.
541 3826 591 3880 279
609 3843 667 3895 sqq.
686 3854 718 3866 -
738 3824 918 3879 Baehrensius
939 3823 969 3877 in
986 3823 1072 3893 praef.
1095 3841 1122 3893 p.
1140 3821 1179 3877 IV
1197 3840 1236 3893 sq.
1255 3820 1338 3879 aliter

181 3908 299 3976 iudicat,
317 3914 364 3966 sed
382 3914 441 3983 ipse
460 3912 542 3967 dicit:
563 3912 629 3967 licet
647 3908 853 3981 argumentatio
877 3911 973 3964 nostra
996 3908 1176 3964 fundamento
1199 3908 1338 3965 innitatur

180 3994 272 4051 debili
308 3996 388 4053 Jahn.
406 4016 471 4054 ann.
489 4001 555 4055 tom.
573 3997 712 4053 LXXXIX
730 4015 756 4067 p.
775 3997 823 4050 391
841 4013 900 4065 sqq.
932 3994 981 4050 Ph.
999 3996 1154 4066 Wagnerus
1172 3995 1337 4053 sententiam

180 4081 303 4139 Thilonis
320 4082 443 4139 refutare
460 4087 583 4143 conatur.
603 4115 635 4124 -
658 4084 679 4157 'J
697 4083 715 4139 l.
733 4083 752 4138 1.
770 4101 796 4155 p
816 4083 873 4138 134.
