2828 4778
788 252 825 320 n

221 469 261 481 —
287 434 354 501 Val.
378 436 413 513 V,
436 436 513 499 365:
545 437 627 501 mole
656 455 740 500 nova
768 440 799 499 et
825 455 933 500 roseae
963 436 1100 518 pertudit
1129 435 1198 499 luce
1221 437 1379 519 iuventae,

220 543 306 625 quod
335 542 486 607 audacius
516 543 635 607 dictum
665 547 712 608 est
738 562 835 624 quam
864 543 943 607 Aen.
970 542 1000 621 Ι,
1025 543 1087 606 590
1112 559 1175 625 squ
1206 543 1381 628 lumenque

221 650 367 714 iuventae
389 669 582 732 purpureum
605 654 636 714 et
656 650 757 714 laetos
780 649 876 714 oculis
897 650 1033 714 adflarat
1055 651 1198 714 honores.
1238 651 1306 717 Val.
1330 654 1380 733 lV,

220 758 278 821 551
303 777 367 839 sq.:
388 761 455 820 tam
477 758 582 839 largus
603 757 720 834 honoS,
744 761 810 821 tam
833 758 911 821 mira
933 762 1077 823 senectae
1098 759 1244 822 maiestas
1265 759 1379 825 infusa

221 864 334 928 Similis
359 865 522 930 translatio
549 865 706 930 invenitur
738 865 818 929 Aen.
842 864 892 943 Vl,
913 865 973 930 726
994 885 1056 948 sq.:
1088 868 1253 950 totamque
1274 868 1380 934 infusa

220 991 277 1054 per
296 974 383 1037 artus
402 991 492 1036 mens
512 974 612 1053 agitat
633 974 758 1037 molem.
774 1008 812 1018 -
831 972 897 1036 Val.
915 972 936 1051 l,
956 973 1017 1036 428
1038 993 1123 1055 squ:
1145 974 1231 1056 quod
1251 976 1381 1056 gemina

220 1083 323 1144 mater
351 1079 519 1162 spectabile
546 1079 609 1143 tela
637 1080 726 1143 duxit
746 1099 841 1162 opus3
875 1080 921 1143 bis
949 1080 1114 1164 Taygeton
1144 1081 1300 1164 silvasque
1327 1103 1381 1148 co-

220 1189 344 1251 mantes
375 1189 546 1264 struxerat,
586 1187 726 1251 Eurotan
758 1187 845 1250 molli
879 1186 925 1250 bis
957 1187 1082 1251 fuderat
1112 1208 1199 1253 auro.
1239 1189 1379 1254 Verbum

220 1294 360 1358 struendi
387 1293 503 1358 montis
527 1293 725 1357 altitudinem
747 1295 962 1377 arborumque
983 1294 1217 1376 proceritatem,
1246 1297 1381 1362 verbum

220 1399 373 1464 fundendi
397 1399 500 1464 lenem
525 1401 611 1464 fluvii
640 1400 762 1482 lapsum
790 1401 871 1465 bene
892 1402 1044 1484 exprimit.
1086 1401 1264 1466 Translatio
1286 1403 1382 1468 huius

220 1507 355 1589 generis,
385 1526 468 1589 quac
499 1507 585 1588 apud
614 1508 689 1572 alios
717 1512 826 1590 poetas
855 1528 920 1572 non
948 1509 1114 1591 reperitur,
1145 1512 1192 1573 est
1217 1508 1253 1587 V,
1275 1508 1294 1572 6
1315 1531 1381 1593 sq.:

221 1614 343 1680 caelata
363 1614 534 1693 velamina,
562 1617 581 1679 i.
600 1634 626 1678 e.
650 1635 709 1680 acu
729 1616 812 1698 picta
834 1620 864 1679 et
887 1614 970 1680 varie
991 1620 1115 1681 ornata.
1156 1616 1220 1680 Res
1241 1617 1381 1682 intextae

221 1721 398 1786 caelaturae
419 1722 554 1804 speciem
574 1722 704 1786 habeut.
747 1722 919 1803 Singularis
942 1722 1105 1787 translatio
1131 1723 1217 1787 verbi
1237 1725 1381 1788 struendi

219 1827 332 1908 legitur
352 1827 373 1906 Ι,
394 1828 471 1891 535:
493 1848 566 1892 cum
586 1829 687 1892 varios
709 1832 862 1892 struerem
883 1848 938 1911 per
958 1830 1083 1893 saecula
1104 1849 1202 1910 reges
1224 1830 1242 1894 i.
1255 1849 1281 1894 e.
1304 1851 1380 1896 cum

220 1933 347 2015 longam
377 1954 487 2016 regum
519 1936 568 1999 vel
599 1937 702 2018 potius
728 1936 929 2016 regnantium
964 1936 1152 2019 populorum
1181 1938 1291 2000 seriem
1322 1959 1380 2020 per

220 2041 311 2124 plura
330 2043 455 2106 saecula
476 2042 664 2106 ordinarem.
697 2042 942 2121 SlothouweruS,
965 2044 1014 2107 eui
1029 2043 1232 2108 Sebenkelius
1247 2048 1381 2126 accedit,

222 2149 343 2213 »varias
365 2185 404 2194 —
427 2149 529 2232 leges«
559 2151 699 2214 coniecit.
742 2150 804 2214 Sed
834 2171 893 2232 ego
923 2171 996 2215 eum
1024 2150 1258 2232 Loehbachio¹l
1288 2154 1380 2232 facio,

135 2299 137 2304 -
219 2254 435 2338 quiexplicat:
464 2256 564 2320 Unter
584 2276 672 2338 reges
690 2258 761 2321 sind
782 2257 831 2321 die
847 2258 879 2321 in
894 2257 1381 2325 denversclriedenenPerioden

220 2363 276 2427 der
299 2362 482 2428 Geschichte
503 2363 735 2427 herrschenden
759 2362 873 2427 Vtilker
894 2382 932 2426 zu
954 2363 1130 2440 versteben,
1153 2365 1211 2428 wie
1235 2364 1300 2429 dies
1321 2386 1381 2432 aus

220 2490 249 2534 v.
269 2470 329 2534 543
351 2470 470 2534 erbellt.
510 2470 692 2535 Usitatiores
713 2470 806 2534 huius
827 2470 914 2534 verbi
936 2470 1157 2534 translationes
1177 2472 1383 2539 inveniuntur

219 2577 274 2658 III,
295 2578 371 2642 617:
401 2577 552 2662 Scythicis
581 2582 733 2642 struerem
763 2597 835 2642 eum
869 2578 981 2642 funera
1012 2577 1109 2642 terris.
1152 2578 1203 2656 VI,
1234 2579 1311 2642 728:
1346 2585 1383 2645 ut

219 2688 372 2749 struerem
394 2706 526 2768 pugnas

304 2816 513 2894 »Accendere
537 2818 656 2896 ardere,
678 2819 852 2894 flammare,
874 2817 1038 2895 fluctuare,
1058 2818 1223 2897 ignescere,
1244 2817 1380 2895 radiare,

221 2923 378 2987 undares:
411 2923 448 3001 V,
470 2924 545 2987 369:
576 2944 765 2988 saevorum
786 2945 849 2988 nox
871 2926 1053 2990 accenditur
1074 2944 1161 3001 auro,
1184 2924 1202 2986 i.
1226 2943 1252 2987 e.
1274 2925 1383 3005 splen·

221 3032 297 3095 dore
329 3034 360 3093 et
387 3030 457 3094 luce
488 3049 546 3094 sua
574 3031 721 3094 tenebras
757 3031 857 3093 noctis
879 3031 975 3094 Sirius
1004 3031 1109 3093 vincit.
1151 3031 1264 3094 Similis
1292 3031 1381 3096 locus

220 3140 322 3202 exstat
342 3137 395 3201 Sil.
416 3136 483 3214 XV,
506 3137 584 3200 678:
607 3141 638 3201 et
658 3136 790 3218 gemmis
810 3136 948 3217 galeam,
976 3136 1175 3220 clipeumque
1194 3139 1382 3204 accenderat

220 3264 308 3310 auro.
352 3244 418 3308 Val.
442 3244 517 3322 Vlll,
541 3245 615 3308 115:
635 3244 773 3308 nubibus
793 3244 940 3308 accensis.
973 3244 1022 3322 Ill,
1044 3244 1121 3308 411:
1145 3246 1247 3310 orions
1267 3265 1382 3311 accen·

221 3356 300 3420 derit
321 3355 433 3419 undas.
477 3353 703 3419 »Accenderit'«
727 3372 785 3436 pro
808 3352 1038 3432 »ascenderit«,
1068 3355 1154 3436 quod
1182 3355 1315 3418 verbum
1347 3356 1381 3419 in

222 3463 374 3528 Vaticano
394 3465 453 3538 est,
483 3461 668 3526 Burmanno
694 3461 843 3539 debetur,
871 3465 902 3524 et
924 3463 1031 3540 miror,
1060 3462 1146 3543 quod
1170 3461 1382 3528 Baehrensius

220 3570 304 3634 solus
323 3571 389 3635 eius
411 3569 622 3633 coniecturam
648 3570 680 3634 in
701 3571 809 3634 seriem
834 3570 1002 3633 verborum
1022 3569 1151 3649 recepit,
1181 3587 1254 3633 cum
1279 3569 1383 3635 multo

221 3678 321 3758 magis
337 3696 434 3762 quarn
456 3676 546 3739 lectio
566 3676 681 3739 tradita
701 3676 824 3758 placeat
844 3680 875 3739 et
897 3676 1031 3739 mutatio
1050 3672 1208 3739 lenissima
1227 3677 1274 3739 sit.
1317 3677 1383 3742 Ac-

221 3786 303 3850 cedit
324 3787 410 3868 quod
431 3782 598 3864 VergiliuS,
626 3802 722 3865 quem
751 3784 784 3846 in
813 3782 960 3847 orationis
993 3781 1133 3846 formulis
1158 3787 1190 3846 et
1218 3785 1382 3850 sententiis

221 3893 399 3975 saepissime
424 3890 582 3956 Valerium
617 3889 774 3954 imitatum
803 3908 869 3953 esse
898 3890 980 3952 inter
1007 3906 1117 3952 omnes
1147 3894 1284 3969 constat,
1312 3911 1380 3957 non

324 4088 343 4154 ι)
362 4083 479 4143 studies
499 4104 524 4154 p.
541 4086 565 4140 o.
