2828 4778
697 260 739 323 69

102 461 174 524 pro
214 441 406 514 »frontem«,
439 437 524 519 quod
550 436 745 501 vocabulum
775 435 808 498 in
837 432 997 498 codicibus
1024 438 1087 513 est,
1119 436 1293 519 Barthius¹)

105 547 267 630 scripsit,
297 547 329 608 et
355 544 423 607 iure
450 543 570 625 optimo
590 541 794 606 Schenkelius
814 543 845 604 et
865 539 1076 605 Baehrensius
1101 561 1175 606 eum
1197 545 1296 608 secuti

107 655 209 718 sunt.
254 651 367 734 Neque
394 669 467 714 cum
486 649 674 714 Burmanno
702 649 782 712 facio
809 647 952 711 dicente:
995 667 1072 712 »cur
1100 667 1165 713 non
1193 669 1296 733 aeque

109 761 227 825 vittae
249 778 290 823 ex
311 757 432 821 casside
454 756 671 839 dependentes
691 757 826 820 frontem
850 754 972 832 leniant,
994 773 1032 819 ac
1053 754 1138 837 palla
1159 757 1254 838 pedes
1262 760 1295 820 l«

108 865 221 946 Quod
241 867 326 928 certe
343 883 409 927 non
426 864 546 946 poetice
566 863 686 925 dictum
704 864 793 925 esset.
825 861 936 942 Neque
952 860 1034 926 bene
1051 862 1164 926 »cassis
1182 863 1295 928 vittata

110 973 283 1037 frontem«
297 969 495 1034 Graecismus
506 989 574 1033 esse
585 972 697 1051 potest,
709 967 796 1051 quod
807 966 1011 1031 Burmannus
1022 971 1122 1049 putat.
1145 967 1294 1033 Ceterum

111 1079 151 1143 in
175 1080 292 1159 aperto
314 1080 370 1154 est,
391 1077 433 1140 ad
454 1076 653 1139 substantiva
674 1074 804 1138 »cassis«
829 1076 861 1137 et
883 1074 1028 1138 »laurus«
1050 1074 1295 1158 subintellegen-

113 1185 204 1248 dum
226 1202 294 1246 esse
312 1186 377 1246 vest
395 1181 453 1260 eia,
475 1185 511 1246 ut
530 1181 606 1245 talia
624 1200 775 1263 persaepe
792 1181 824 1243 in
840 1179 954 1243 Valerii
975 1179 1061 1244 libris
1081 1182 1293 1247 inveniuntur.

206 1314 238 1376 6.
280 1313 371 1377 Aliae
390 1313 508 1395 species
527 1312 648 1392 figurae
670 1310 845 1391 enallages:

207 1419 434 1483 Accusativum
464 1422 497 1482 et
517 1417 707 1482 infinitivum
733 1418 775 1482 ab
796 1437 862 1481 uno
885 1418 1060 1500 eodemque
1090 1420 1188 1484 verbo
1215 1443 1294 1505 pen·

116 1527 238 1596 dentes
263 1544 358 1607 saepe
384 1525 529 1606 reperies,
571 1523 686 1587 Videas
707 1523 743 1601 V,
765 1524 844 1587 580:
880 1542 938 1586 ceu
969 1543 1112 1604 pugnam
1142 1531 1234 1608 paret
1262 1533 1294 1593 et

118 1628 243 1714 positas
263 1631 457 1695 'confundere
479 1649 614 1694 mensas.
658 1629 729 1693 Alia
748 1630 894 1712 exempla
915 1633 990 1693 sunt
1012 1629 1035 1708 Ι,
1056 1631 1128 1708 499,
1150 1631 1200 1710 ΙΙΙ,
1220 1635 1291 1713 501,

120 1738 183 1802 731
218 1757 266 1821 sq.
287 1771 327 1782 -·
349 1735 540 1801 Accusativa
578 1736 714 1799 nominis
745 1738 777 1799 et
808 1735 960 1818 participii
992 1737 1160 1801 coniuncta
1196 1739 1294 1805 habes

120 1845 173 1921 Ill,
196 1843 260 1908 506
281 1863 346 1925 sq,
375 1843 549 1924 genitivum
577 1845 609 1904 et
636 1841 826 1905 infinitivum
854 1841 890 1919 V,
914 1842 972 1905 189
994 1862 1058 1924 sq:
1092 1844 1167 1907 inde
1196 1848 1293 1910 maris

122 1949 303 2034 pecudique
324 1949 437 2013 timens
459 1949 620 2032 imponere
642 1948 778 2030 palmas,
801 1950 1017 2013 accusativum
1039 1952 1070 2013 et
1090 1954 1292 2019 enuntiatum

121 2056 291 2121 relativum
326 2055 361 2133 ll,
383 2056 423 2119 66
445 2075 530 2137 sqq,
559 2055 609 2132 IV,
631 2055 692 2118 599
712 2075 769 2137 sq,
796 2056 1012 2119 accusativum
1038 2060 1070 2120 et
1090 2060 1291 2124 enuntiatum

121 2162 222 2228 finale
250 2162 273 2239 1,
295 2163 366 2226 509.
407 2162 603 2244 Praepositio
640 2166 671 2225 et
706 2163 907 2226 enuntiatum
942 2162 1038 2227 finale
1070 2169 1293 2245 permutantur

121 2271 145 2346 Ι,
164 2269 228 2333 475
249 2288 311 2350 sq:
343 2287 410 2332 non
432 2268 496 2331 iam
517 2287 648 2350 operum
673 2268 705 2331 in
727 2272 865 2350 partem,
887 2268 1025 2332 monitus
1046 2270 1102 2334 sed
1123 2273 1230 2337 tradat
1254 2279 1291 2338 ut

121 2394 214 2440 acres
235 2391 490 2456 magnorumque
510 2375 595 2438 viros
617 2375 672 2456 qui
693 2374 840 2438 laudibus
860 2378 932 2439 urat
954 2394 1097 2439 avorum.

206 2479 276 2544 Hoc
297 2480 367 2544 loco
392 2484 556 2563 praeterea
575 2485 648 2545 rut«
670 2485 701 2544 et
722 2482 813 2564 »qui«
832 2481 981 2546 orationis
1001 2483 1174 2547 variandae
1196 2506 1292 2551 causa

118 2588 227 2671 posita
253 2590 338 2650 sunt.
382 2587 529 2652 Similiter
561 2587 609 2664 ΙΠ,
635 2587 671 2650 17
693 2607 739 2669 sq.
763 2607 854 2651 »cur«
885 2591 917 2652 et
945 2588 1059 2671 »quid«
1083 2591 1291 2683 variationem

118 2692 273 2758 efficiunt

206 2799 407 2864 Adiectivum
434 2803 466 2863 et
496 2799 731 2864 substantivum
759 2802 796 2863 ut
823 2800 910 2882 apud
934 2819 1040 2865 rerum
1069 2802 1239 2884 scriptores
1261 2808 1293 2868 et

116 2909 233 2990 poetas
258 2906 351 2985 alios,
379 2906 424 2970 ita
453 2906 539 2988 apud
563 2906 724 2970 Valerium
759 2925 853 2988 saepe
885 2907 966 2970 inter
995 2927 1029 2971 se
1058 2914 1291 2991 permutantur.
1392 2905 1394 2911 ’

117 3010 277 3093 Exempla
302 3011 402 3075 habes
433 3011 455 3089 1,
477 3011 536 3074 96:
571 3011 734 3092 Argolicas
760 3011 982 3094 Macetumque
1010 3034 1068 3096 per
1096 3016 1200 3080 urbes.
1242 3015 1291 3095 ΠΙ,

116 3119 184 3184 306
205 3132 269 3200 sq:
311 3118 456 3182 Phasidis
477 3137 554 3182 arva
582 3122 614 3181 et
634 3118 797 3200 Scythicas
819 3138 904 3202 opes.
940 3119 990 3198 Vl,
1013 3119 1073 3212 323
1094 3141 1157 3204 sq:
1187 3123 1291 3188 faciles

114 3225 354 3306 bominumque
373 3243 497 3288 manus.

205 3329 407 3395 Adiectivum
429 3333 461 3395 et
481 3330 669 3396 adverbium
698 3332 868 3397 coniuncta
888 3334 963 3395 sunt
998 3331 1022 3408 Ι,
1043 3332 1122 3396 836:
1163 3352 1236 3396 rara
1261 3337 1293 3398 et

114 3440 234 3520 sponte
254 3440 351 3519 patet.
391 3438 433 3501 ib.
457 3439 534 3501 839:
567 3435 643 3518 (cui)
670 3437 762 3518 longe
783 3441 886 3502 metus
908 3437 1014 3521 adque
1035 3437 1144 3519 ignota
1166 3440 1290 3521 cupido.

114 3544 176 3608 cfr.
200 3541 250 3620 w,
272 3543 350 3607 ala:
373 3543 452 3626 (qui)
474 3543 584 3608 dexter
606 3545 689 3608 etin
711 3545 837 3608 laevum
857 3544 979 3608 Pontus
1000 3545 1089 3609 iacet

203 3649 402 3714 Adiectivum
425 3654 458 3714 et
479 3649 636 3715 ablativus
656 3654 731 3715 sunt
751 3650 786 3729 ΙΙ,
807 3652 865 3714 56;
898 3670 1043 3734 puraque
1071 3671 1131 3715 nec
1158 3655 1290 3734 gravido

114 3757 255 3820 sarrrexit
281 3755 418 3838 Cynthia
439 3776 547 3822 comu.
590 3757 631 3821 ib.
657 3759 733 3821 150:
769 3756 853 3840 picta
879 3777 995 3822 manus
1024 3761 1158 3840 ustoque
1186 3761 1290 3843 placet

113 3862 175 3927 sed
201 3863 342 3926 barbara
362 3865 488 3940 mento,
518 3882 593 3945 pro:
625 3863 714 3946 pictis
735 3864 883 3929 manibus
904 3868 1039 3947 ustoque
1069 3869 1191 3944 mento,
1220 3869 1286 3932 vel:

223 4082 242 4153 Ἰ
261 4081 298 4138 ad
315 4080 387 4134 stac,
405 4080 490 4134 Theb.
509 4080 558 4146 ΙΙΙ,
569 4082 628 4140 566.
