2828 4778
696 241 738 306 70

129 421 213 503 picta
234 440 348 485 manus
369 424 503 502 nstaque
524 424 679 485 mentum.
722 422 764 486 ib.
787 421 847 485 am
869 441 934 506 sq.:
961 424 1111 507 taboque
1130 425 1213 490 sinus
1324 409 1326 467 ἶ

130 530 199 592 tusa
221 528 337 591 recenti
360 532 546 610 arrectaque
565 547 667 591 corna.
708 528 758 605 IV,
780 529 859 592 aaa:
900 529 970 594 dira
991 530 1095 596 deum
1117 528 1282 614 summoqot'
1313 512 1326 587 *l

129 634 196 698 lues
218 632 350 715 urgebat
378 635 409 697 in
436 651 524 696 aevo.
569 633 717 698 Similiter
748 635 947 717 participium
976 640 1010 700 et
1037 637 1203 704 ablativus
1225 646 1281 702 crue¹
1319 642 1326 682 t

130 741 323 805 iunctasrmt
344 738 483 816 urnas:
504 758 588 820 pone
609 740 705 802 trahit
728 740 850 822 lugiens
862 745 894 804 et
911 742 1055 807 cursibus
1068 744 1159 808 exuit
1170 745 1277 821 hastan,
1325 758 1326 763 ’

129 867 204 931 pro:
226 865 365 911 currens.
1324 855 1326 871 ¹

211 951 315 1034 Saepe
337 950 478 1015 Valerius
503 950 653 1014 orationis
676 950 848 1015 variandae
870 970 965 1016 causa
987 951 1043 1016 uni
1066 953 1207 1021 duorum
1223 953 1279 1020 sub·

128 1059 338 1124 stantivorum
362 1077 482 1122 novum
494 1056 727 1121 substantivum
739 1058 836 1121 addit.
869 1058 964 1140 Apud
980 1058 1157 1141 Vergilium
1175 1078 1278 1144 quoque

130 1163 283 1229 nonnulla
305 1163 399 1227 huius
420 1163 541 1244 generis
562 1163 708 1244 exempla
730 1167 864 1241 exstant,
886 1167 922 1228 ut
938 1164 1051 1243 Aeml,
1067 1167 1146 1231 183:
1169 1164 1278 1248 (videat)

129 1275 187 1335 aut
206 1269 318 1354 Capyn
338 1273 393 1333 aut
417 1269 505 1333 celsis
526 1269 557 1332 in
581 1269 741 1351 puppibus
761 1289 853 1334 arma
874 1270 969 1348 Caici,
991 1271 1034 1334 ib.
1046 1271 1107 1336 am
1127 1294 1190 1357 sq.:
1211 1289 1279 1338 nune

129 1376 242 1461 Amyci
264 1395 372 1441 casum
395 1376 491 1456 gemit
510 1379 542 1439 et
559 1375 697 1439 crudelia
708 1396 814 1439 secum
832 1377 898 1440 lata
908 1376 982 1458 Lyci
1004 1377 1188 1462 fortemque
1204 1378 1279 1463 Gyan

128 1485 305 1566 fortemque
327 1480 529 1546 Cloanthum.
573 1481 638 1560 XII,
662 1483 737 1545 110:
763 1486 834 1546 tum
856 1482 956 1547 socios
976 1485 1155 1568 maestique
1176 1489 1281 1551 metum

128 1589 246 1654 solatur
266 1589 332 1653 Iuli.
364 1588 505 1653 Valerius
522 1589 582 1652 hoc
598 1589 721 1652 dicendi
744 1609 843 1669 genus
854 1589 983 1653 adhibet
1005 1589 1174 1674 11,95sq.:
1195 1592 1283 1657 Aetne

129 1701 185 1760 aut
214 1697 342 1778 Lipares
371 1697 493 1760 domus.
536 1696 575 1759 ib.
599 1696 656 1759 ol:
689 1695 877 1777 (memorat)
906 1696 1051 1761 Pleiones
1078 1687 1283 1782 Hyadumque

127 1802 221 1866 locos.
253 1801 293 1865 ib.
304 1802 345 1865 69
357 1822 422 1884 sq.:
445 1821 574 1865 munere
593 1800 712 1865 Cereris
731 1806 762 1865 et
780 1801 915 1879 Baccho,
934 1821 1010 1884 pro:
1028 1821 1163 1868 munere
1178 1803 1284 1871 Cereris

127 1908 312 1985 etBacchi,
339 1908 404 1971 vel:
433 1907 545 1972 Cerere
574 1912 606 1972 et
626 1908 761 1973 Baccho.
800 1909 840 1971 ib.
861 1908 923 1975 426
943 1929 1007 1992 sq.:
1040 1907 1171 1992 Orphea
1200 1910 1284 1975 tristis

127 2018 247 2082 cervice
267 2019 403 2099 tuaque,
427 2015 583 2092 Aeacide,
611 2020 642 2079 et
663 2016 789 2097 gemino
812 2016 950 2080 coniunx
971 2036 990 2080 a
1012 2014 1144 2081 Castore
1167 2017 1285 2100 pendet,

126 2142 202 2204 pro:
233 2123 347 2206 gemini
374 2121 519 2187 Castoris.
560 2123 601 2186 ib.
625 2123 683 2186 231
706 2143 770 2204 sq.:
808 2123 892 2187 Bessi
920 2142 979 2187 nec
1010 2121 1140 2188 Geticae
1172 2143 1286 2189 manus

126 2229 166 2292 ib.
189 2229 251 2293 580
271 2249 335 2310 sq.:
368 2229 508 2292 tumulus
534 2229 730 2311 praelabitur
756 2228 789 2292 Ili
810 2228 1054 2311 Dardaniusque
1075 2233 1184 2312 pater,
1219 2249 1286 2312 pro:

125 2334 277 2402 Dardanii
300 2334 406 2416 patris.
453 2334 489 2411 V,
512 2335 573 2397 344
592 2355 656 2417 sq.:
689 2327 764 2398 hinc
792 2336 948 2416 gressibus
979 2335 1115 2400 haerens
1145 2336 1287 2403 Pallados

125 2440 199 2505 hinc
220 2460 313 2505 carae
334 2441 521 2523 Proserpina
543 2442 650 2505 iuncta
671 2441 802 2505 Dianae.
839 2443 879 2506 ib.
895 2444 957 2506 572
973 2463 1041 2525 sq.>:
1061 2446 1288 2509 monstrantem

124 2552 218 2611 natos
239 2547 320 2611 lovis
342 2566 462 2631 oraque
484 2547 669 2611 Aeacidum.
704 2548 752 2625 VI,
765 2549 906 2632 550qu
926 2549 958 2612 in
980 2548 1097 2613 Sueten
1123 2549 1287 2633 magnique

124 2654 156 2716 in
179 2655 244 2717 lata
265 2652 413 2717 Ceramni
435 2654 570 2718 emicuit.
604 2654 644 2717 ib.
667 2654 725 2717 691
750 2673 815 2737 sq.:
842 2659 878 2718 ut
900 2653 1034 2719 Colchos
1055 2655 1167 2738 procul
1187 2656 1287 2740 adque

124 2758 235 2827 Aeetia
259 2759 386 2824 Parthis
418 2759 545 2824 foedera
576 2760 728 2841 iungeret.
772 2761 793 2838 Ι,
817 2761 895 2824 201:
928 2761 1065 2844 repperit
1095 2766 1127 2825 et
1159 2761 1289 2827 Colchos

123 2865 156 2928 in
177 2884 229 2928 me
250 2864 435 2948 luctumque
456 2886 609 2944 maomm,
631 2887 705 2948 pro:
727 2867 759 2930 in
778 2887 832 2931 me
851 2886 1018 2949 meosque,
1038 2867 1108 2931 vel:
1129 2867 1163 2932 in
1184 2887 1287 2933 meum

123 2972 219 3054 ipsius
241 2969 362 3034 luctum
383 2974 414 3034 et
435 2990 588 3034 meorum.

205 3077 257 3141 Ad
270 3075 383 3141 Valerii
399 3095 552 3158 magnum
569 3077 730 3140 varietatis
744 3096 887 3141 amorem
910 3079 1168 3158 cognoscendum
1184 3082 1290 3148 videas

2 3258 8 3271 ,
123 3205 177 3249 eos
199 3205 328 3269 quoque
348 3164 453 3262 locoS,
483 3184 537 3266 qui
564 3188 689 3248 exstant
717 3184 753 3262 ll,
775 3185 837 3248 490
859 3206 944 3268 sqq:
974 3206 1080 3269 neque
1108 3188 1193 3252 enim
1224 3193 1289 3257 tam

122 3292 187 3356 lata
201 3293 348 3356 videbam
365 3298 507 3376 pectora,
528 3291 695 3374 Neptunus
717 3311 824 3356 muros
844 3312 917 3357 cum
943 3293 1086 3374 iungeret
1107 3295 1216 3375 astris,
1237 3316 1294 3362 neo

122 3399 201 3464 tales
230 3409 357 3463 umeros
384 3399 632 3482 pharetramque
659 3398 789 3481 gerebat
815 3398 944 3481 Apollo,
975 3419 1049 3481 pro:
1079 3405 1292 3481 nequeenim

122 3509 189 3569 tam
211 3506 276 3570 lata
297 3509 425 3589 pectora
444 3507 583 3590 Neptuni
605 3527 664 3571 nec
686 3507 763 3570 tales
784 3525 910 3570 umeros
932 3506 1179 3587 pharetramque
1192 3509 1292 3593 Apol·

122 3610 192 3675 linis
218 3612 381 3690 videbam,
420 3633 491 3678 cum
522 3633 630 3677 muros
660 3614 750 3677 astris
782 3614 956 3694 iungerent.
1006 3613 1174 3695 Neptunus
1207 3617 1293 3682 enim

122 3718 215 3782 simul
238 3739 311 3783 oum
330 3719 491 3802 Apolline,
524 3739 587 3782 non
615 3719 700 3783 solus
729 3720 856 3782 moenia
883 3719 1005 3782 struxit.
1048 3719 1097 3796 III,
1118 3719 1181 3784 Μ
1202 3738 1291 3804 sqq:

122 3844 179 3887 vos
201 3843 260 3907 ego
281 3845 340 3889 nec
360 3824 481 3889 ululare
502 3824 594 3888 velim
618 3824 818 3888 necluctiler
840 3826 967 3904 ingruat
988 3843 1111 3903 annus,
1134 3844 1209 3907 pror
1233 3848 1292 3895 vos

121 3950 201 3994 neve
223 3931 347 3994 ululetis
369 3952 450 3995 nove
469 3931 589 3994 luctifer
611 3931 735 4011 ingruat
757 3950 878 4007 annus,
911 3931 978 3993 vol:
1009 3950 1067 3993 vos
1087 3949 1145 3996 nec
1166 3933 1292 4001 ululare

121 4038 212 4103 velim
239 4058 298 4102 nec
326 4038 470 4121 ingruere
499 4057 630 4102 annum.
679 4039 722 4102 ib.
749 4039 811 4102 630
836 4059 903 4122 sq.:
933 4057 992 4102 nec
1023 4037 1129 4103 minus
1155 4039 1189 4105 in
1220 4061 1291 4111 sese
