2828 4778
686 290 726 353 53

101 467 241 534 circum
269 467 385 550 pateris
411 467 435 531 it
461 467 614 532 Bacchus.
656 468 704 545 Ill,
724 468 801 532 418:
836 469 954 533 circum
981 469 1078 534 tacito
1104 472 1280 538 volitabant

108 576 246 640 somnia
271 574 400 639 mundo.
442 574 491 652 lV,
513 575 590 639 488:
623 575 803 657 circumque
824 576 944 654 iacent,
979 576 1061 641 Aen.
1082 578 1118 657 Π,
1139 579 1201 643 218
1221 600 1277 662 sq,

109 682 193 760 XII,
236 683 295 745 162
316 703 362 765 sq.
405 682 578 764 AIIquoties
613 683 705 746 slmul
736 703 809 748 cum
842 685 933 748 tmesi
965 685 1158 768 anastrophe
1186 707 1279 770 prae-

110 788 283 872 positionis
309 789 476 866 invenitur,
496 792 532 853 ut
552 789 589 865 V,
600 789 677 852 694:
701 789 823 872 fertque
843 809 972 872 gravem
987 790 1142 877 Phrygius
1162 795 1280 859 circum

112 899 245 960 cratera
266 894 414 960 minister.
454 895 495 959 ib.
518 896 596 959 336:
632 897 718 960 stetit
745 896 863 960 arduus
887 897 976 961 Inter.
1019 897 1094 977 VIII,
1115 900 1172 964 93:
1205 901 1280 965 fusis

114 1002 249 1066 circum.
291 1001 416 1084 VergIlii
449 1002 592 1084 exempla
625 1002 723 1067 habes
757 1003 838 1067 Aen.
859 1003 895 1083 ll,
918 1004 995 1068 767:
1032 1009 1118 1070 stant
1152 1007 1279 1086 circum,

111 1107 151 1186 Π,
163 1108 229 1172 793
245 1109 278 1171 et
287 1107 336 1186 VI,
348 1109 424 1172 700:
447 1108 527 1173 collo
551 1109 627 1173 dare
649 1108 798 1174 bracchIa
819 1110 947 1189 circum,
967 1111 1006 1190 X,
1018 1112 1094 1177 399:
1109 1113 1279 1194 fugientem

104 1215 269 1280 Rhoetea
288 1218 422 1297 praeter,
443 1215 510 1294 XII,
531 1217 610 1281 433:
630 1217 706 1281 fusis
728 1218 845 1281 circum
867 1219 971 1282 armis.

444 1384 445 1389 ’
543 1375 574 1454 β.
617 1372 666 1438 De
688 1371 853 1457 synchysi.

202 1501 346 1567 ValerIus
374 1502 475 1567 multo
494 1502 617 1569 liberior
645 1523 743 1588 quarn
764 1504 915 1586 Vergilius
942 1508 989 1570 est
1016 1505 1048 1569 In
1077 1506 1280 1572 collocatione

114 1609 292 1673 verborum
319 1613 350 1673 et
377 1610 409 1673 in
438 1612 680 1692 transponendis
697 1613 875 1689 vocabuliS,
903 1613 1026 1696 quade
1048 1631 1143 1678 cama
1163 1614 1215 1692 fit,
1246 1619 1282 1680 ut

114 1714 241 1780 multae
263 1715 469 1780 obscuritates
489 1720 521 1780 et
541 1717 740 1783 difficultates
760 1719 969 1784 iuvenIantur.
1004 1718 1192 1786 Consecutio
1212 1742 1282 1787 ver·

114 1823 236 1887 borum
265 1823 408 1907 quaesita
429 1827 492 1901 est,
522 1827 554 1888 et
575 1812 638 1908 quo
660 1825 808 1889 artificior
834 1830 881 1889 est
906 1826 1000 1890 series
1028 1828 1213 1906 verborum,
1244 1849 1281 1894 eo

116 1928 222 2012 magis
236 1929 360 1995 Valerio
381 1930 505 2013 placere
520 1932 651 1995 videtur.
685 1931 766 1997 Cum
787 1937 895 1997 autem
917 1934 983 1998 elus
1003 1934 1165 2000 collocatio
1187 1955 1281 2000 voca·

115 2038 270 2102 bulorum
288 2037 466 2120 saepissime
487 2039 641 2119 permixta
663 2042 694 2103 et
713 2039 898 2122 perturbata
918 2040 970 2118 sit,
994 2044 1121 2120 tamen,
1141 2043 1167 2106 si
1187 2062 1281 2109 accu-

116 2144 220 2210 ratius
230 2147 399 2226 spectatur,
422 2146 497 2209 certi
516 2149 548 2209 et
561 2146 653 2223 firmi,
676 2146 732 2210 sed
750 2147 906 2212 artificiosi
926 2149 1012 2212 modi
1028 2150 1199 2215 verborum
1217 2151 1282 2215 col·

116 2249 329 2316 locandorum
342 2271 408 2316 non
425 2252 652 2317 desiderantur.
683 2253 776 2331 Quod
788 2257 823 2318 ut
833 2255 944 2320 melius
957 2255 1128 2338 intellegas,
1137 2259 1281 2341 exempla

117 2357 276 2424 nonnulla
306 2359 447 2424 afferam.
495 2360 642 2424 Studium
673 2361 785 2425 Valerii
815 2381 854 2426 ea
885 2362 1100 2445 disiungendi,
1129 2384 1212 2447 quae
1242 2386 1281 2430 ex

115 2467 276 2531 sententia
295 2469 327 2531 et
348 2486 387 2531 ex
398 2469 605 2548 grammatica
615 2469 738 2533 ratione
760 2469 906 2552 coniungi
921 2489 1046 2535 necesse
1056 2475 1111 2550 est,
1124 2471 1185 2535 hac
1200 2493 1280 2555 quo-

116 2595 183 2660 que
205 2574 408 2640 collocatione
429 2575 560 2657 perspici
582 2577 692 2657 potest.

205 2682 238 2747 Si
258 2681 323 2746 duo
341 2682 437 2746 verba
467 2682 510 2746 ab
538 2682 649 2747 eodem
677 2682 818 2748 subiecto
844 2684 999 2766 pendent,
1031 2704 1130 2750 unam
1157 2689 1280 2768 partem

117 2790 253 2857 subiecti
273 2790 306 2852 in
328 2789 440 2871 priore,
463 2790 595 2854 alteram
616 2789 648 2855 in
669 2791 840 2873 posteriore
859 2791 997 2874 bipartIti
1019 2793 1174 2857 enuntiati
1193 2798 1284 2877 parte

119 2916 242 2981 ponere
269 2896 356 2961 solet.
407 2896 560 2979 Exempla
592 2900 717 2962 exstant
749 2896 797 2977 lll,
828 2899 866 2962 10
894 2919 958 2982 sq.:
1000 2900 1118 2983 primas
1145 2903 1283 2967 coniunx

120 3005 270 3070 Percosia
298 3008 399 3068 vestes
425 3023 506 3086 quas
534 3004 665 3069 dederat
698 3005 781 3088 picto
815 3009 847 3070 et
877 3005 956 3071 Clite
990 3008 1168 3072 variaverat
1193 3029 1281 3074 auro.

120 3109 196 3189 Quo
216 3110 285 3174 loco
303 3111 464 3176 collocatio
477 3111 646 3177 verborum
665 3116 816 3177 consueta
836 3117 929 3177 esset:
953 3133 1034 3197 quas
1055 3116 1193 3179 coniunx
1207 3116 1283 3180 Per-

122 3217 208 3283 cosia
228 3216 307 3282 Clite
328 3239 354 3282 e.
376 3239 407 3300 q.
426 3239 450 3282 s.
476 3219 525 3295 Vl,
547 3219 608 3284 429
629 3239 693 3302 sq.:
722 3239 794 3284 cum
818 3220 895 3284 luno
915 3220 1092 3286 Aesonidae
1114 3241 1179 3287 non
1199 3223 1284 3290 hanc

121 3325 171 3392 ad'
188 3326 303 3391 vellera
325 3346 456 3391 cernens
479 3345 544 3390 esse
569 3328 654 3390 viam
674 3346 733 3390 nec
759 3327 802 3390 sic
829 3327 945 3390 reditus
973 3328 1082 3409 regina
1112 3331 1281 3413 parandos,

126 3454 191 3518 quo
212 3433 281 3497 loco
301 3433 360 3497 Ph.
381 3432 593 3515 Wagnerus¹i
622 3432 812 3514 Zinzerlingii
840 3433 1053 3498 coniecturam
1088 3436 1138 3499 »in
1165 3456 1281 3518 regna«

124 3562 183 3626 pro
207 3541 351 3623 ›regma‹
381 3541 476 3623 recipi
504 3540 587 3619 vult,
617 3541 667 3606 cui
691 3559 757 3604 non
785 3540 916 3618 accede,
946 3560 1019 3606 curn
1040 3542 1182 3616 ValerIus
1208 3546 1284 3614 talia

124 3649 250 3733 saepius
261 3649 387 3714 habeat.
418 3647 454 3725 ll,
472 3649 547 3713 175:
567 3650 622 3713 flet
632 3648 738 3714 Venus
753 3650 785 3712 et
795 3648 895 3713 saevis
907 3649 1022 3713 ardens
1036 3649 1096 3715 dea
1109 3651 1287 3733 planctibus

124 3759 230 3822 instat.
273 3757 327 3821 cfr.
345 3757 425 3821 Aen.
447 3757 496 3834 IV,
510 3757 567 3820 127
578 3776 624 3840 sq.
667 3757 737 3821 Alia
759 3756 871 3821 Valerii
895 3756 1038 3840 exempla
1058 3757 1158 3823 habes
1178 3761 1200 3840 l,
1212 3764 1282 3843 608,

125 3865 163 3943 V,
184 3865 246 3929 473
266 3884 327 3947 sq.,
351 3864 401 3942 VI,
422 3865 482 3928 505
503 3884 567 3946 sq.,
589 3864 651 3942 llll,
672 3865 729 3929 261
747 3885 809 3948 sq.,
830 3865 1032 3948 Vlll,b98sq.
1074 3866 1137 3945 VH,
1148 3869 1187 3933 79
1199 3890 1284 3955 sqq.:

127 3973 169 4037 ad
200 3972 346 4035 iuvenem
384 3969 533 4052 pallentia
570 3971 688 4035 rettulit
726 3991 783 4036 ora
821 3972 1073 4054 contremuitque
1103 3978 1206 4054 metu,
1229 3997 1284 4041 ·ne

228 4130 247 4200 ¹)
266 4127 347 4182 Jahn.
364 4143 428 4180 ann.
447 4125 465 4180 l.
484 4127 502 4181 l.
522 4145 548 4196 p.
567 4127 625 4180 386.
