2828 4778
678 269 716 333 hi

122 469 187 533 quo
207 449 278 515 loro
301 448 457 517 »sidereo«
480 468 538 531 pro
561 448 686 520 caelesti
707 447 844 531 positum
864 451 920 513 est.
949 448 987 525 V,
1000 449 1080 515 581:
1103 450 1280 532 flammiger
1332 426 1340 443 ⁴

119 558 193 635 Sol,
215 556 234 621 i.
255 575 282 619 e.
302 556 485 632 flammeus,
508 557 549 620 ut
568 554 687 619 Lucan.
728 554 751 633 1,
762 554 840 621 415:
869 553 1045 636 flammiger
1065 555 1169 623 Titan.
1211 557 1280 621 Vel.
1403 616 1409 625 .

120 664 249 743 v,611:
270 663 367 746 alipes
387 681 512 740 currus,
535 662 553 724 i.
576 681 603 726 e.
625 661 713 726 celer.
755 661 899 727 Eandem
919 661 1158 733 trarrslationeru
1180 664 1279 729 habes

119 774 204 839 Aen.
221 770 375 849 xnamz
408 769 630 851 alipedumque
660 769 768 850 fugam
795 788 889 833 cursu
918 771 1085 853 temptavit
1114 785 1279 853 equorum.

119 881 163 949 ib.
184 878 320 954 Vllall
345 876 519 959 ›alipedes‹
543 877 619 940 sunt
638 877 721 958 equi.

271 1152 319 1222 lis
340 1154 578 1240 prosopopoeia
599 1151 654 1220 vel
670 1151 895 1219 translations
917 1151 1086 1221 animante
1097 1153 1132 1238 1).

207 1312 432 1380 Translationis
460 1311 579 1394 species
606 1313 654 1376 est
681 1313 808 1393 tropus,
832 1329 929 1393 quem
954 1324 1105 1376 vocamus
1132 1330 1283 1394 prosopo-

123 1421 263 1505 poeiam,
293 1439 358 1502 qua
384 1419 479 1483 rebus
509 1417 690 1482 inanimatis
715 1416 765 1482 vel
800 1421 906 1482 motus
932 1417 1030 1481 animi
1064 1417 1114 1482 rel
1145 1418 1284 1484 actiones

122 1529 308 1598 tribuuntur
317 1528 351 1608 ¹).
394 1525 490 1591 Culus
508 1525 637 1591 iucundi
654 1526 736 1608 tropi
750 1524 837 1608 apud
849 1544 960 1589 omnes
976 1529 1088 1607 poetas
1099 1544 1166 1590 non
1178 1542 1282 1607 pauca

123 1635 268 1717 exempla
295 1636 428 1699 exstam.
479 1633 559 1698 Miro
587 1635 695 1698 autem
730 1633 828 1697 modo
859 1633 1000 1697 Valeriis
1038 1633 1125 1698 hune
1156 1636 1286 1715 tropum

124 1746 232 1820 amat,
272 1744 309 1806 ut
339 1740 583 1805 innumerabiles
616 1760 665 1804 res
702 1741 896 1805 inanimatae
928 1741 1016 1804 velut
1049 1742 1220 1806 sentientes
1253 1743 1285 1806 et

123 1850 287 1915 animatae
308 1849 531 1930 adspicientur.
573 1847 675 1930 Saepe
695 1847 927 1930 personifioatia
944 1848 1115 1927 invenitur,
1141 1849 1167 1912 si
1189 1853 1285 1932 poeta

124 1955 320 2038 metonymia
342 1958 375 2018 et
395 1954 562 2037 hypallage
582 1954 698 2031 utitur,
725 1954 765 2017 de
784 1954 900 2036 qrribus
921 1954 1002 2018 infra
1022 1955 1151 2020 uberius
1170 1957 1284 2022 dicam.

123 2062 278 2145 Exempla
304 2062 367 2128 alia
394 2081 482 2125 nuno
513 2060 651 2144 plurima
685 2061 833 2138 afferam,
875 2061 990 2144 quibus
1017 2061 1132 2126 similes
1162 2062 1286 2144 Vergilii

124 2171 211 2236 locos
237 2169 408 2235 nonnullos
437 2167 565 2234 addam.
615 2167 686 2233 Hoc
715 2167 800 2232 enim
828 2169 924 2232 modo
950 2172 983 2234 te
1008 2169 1151 2234 facillime
1173 2170 1287 2236 Valerii

127 2276 250 2342 dicendi
271 2295 372 2358 genus
392 2264 591 2357 cognituram
613 2295 679 2340 esse
706 2295 816 2358 spero,
848 2277 934 2358 quod
958 2276 1060 2343 solum
1083 2277 1188 2342 haheo
1214 2298 1287 2360 pro·

124 2385 271 2467 positun.
314 2384 363 2448 Ac
386 2383 523 2466 primum
546 2382 674 2466 quidem
696 2383 846 2447 disseram
878 2384 919 2447 de
948 2383 984 2446 iis
1008 2385 1103 2448 rebus
1128 2385 1286 2465 inanimis

126 2511 210 2576 quae
231 2492 265 2555 iu
284 2510 391 2556 rerum
411 2493 527 2555 natura
547 2495 631 2554 sunt.
673 2490 861 2572 Saepissime
885 2492 1067 2555 fluminibus
1093 2495 1125 2556 et
1146 2493 1287 2558 maribus

126 2599 261 2665 affectus
281 2599 446 2663 boninum
469 2601 562 2680 poeta
583 2599 647 2662 dat
689 2598 761 2661 Non
780 2616 854 2662 raro
875 2600 987 2663 flumas
1008 2599 1167 2664 animatos
1186 2601 1286 2682 fingit,

126 2707 183 2772 ubi
212 2705 290 2770 deus
318 2704 451 2769 fluvialis
478 2705 689 2786 significatur,
719 2709 756 2769 ut
784 2704 884 2784 1,105
913 2725 978 2788 squ
1008 2710 1128 2770 canunt
1156 2708 1285 2772 Amnes.

126 2813 165 2892 ΙΙ,
175 2813 255 2878 537:
276 2813 438 2878 ulularunt
458 2812 595 2890 AmneS,
625 2813 645 2876 i.
667 2832 694 2876 e.
715 2813 802 2894 quod
822 2813 903 2887 Aen.
924 2813 973 2892 lv,
988 2814 1065 2877 168:
1096 2832 1314 2919 summoque.

128 2921 292 2987 ulularunt
319 2922 436 2986 vertice
459 2921 629 3004 nymphae.
659 2957 699 2966 —
728 2920 796 2985 Vel
816 2920 866 2999 IV,
880 2922 957 2986 374:
986 2922 1103 2987 flerunt
1122 2923 1288 2988 Messeides

128 3031 252 3107 undae,
283 3030 364 3094 Aen.
386 3029 448 3107 Vll,
461 3029 522 3093 759
541 3048 606 3111 sq.:
638 3029 737 3093 virsa
764 3032 797 3092 ts
820 3029 957 3094 Fucinus
979 3031 1082 3109 unda,
1119 3034 1151 3094 te
1179 3032 1286 3114 liquidi

130 3139 245 3203 flevere
272 3136 368 3200 lacus.
416 3134 485 3198 Val.
510 3135 532 3215 1,
549 3136 585 3198 9:
617 3133 762 3199 Ooeanus
790 3136 988 3218 indignatus,
1016 3137 1096 3202 Aen.
1123 3137 1197 3214 vlu,
1210 3139 1286 3202 728:

128 3248 260 3328 pontem
280 3243 461 3324 indignatus
481 3242 610 3306 Araxes.
651 3242 751 3321 Vall,
765 3243 842 3306 202:
863 3263 929 3306 non
950 3243 1151 3324 indignantes
1171 3245 1286 3308 undae.

131 3351 279 3416 cfr.Aeu.
294 3350 334 3428 X,
347 3351 425 3414 um:
446 3351 548 3414 tacitis
563 3349 671 3427 undis,
692 3349 733 3412 ib.
747 3350 822 3413 307:
834 3350 1038 3431 ¹retrahitque
1060 3351 1173 3433 pedem
1194 3352 1288 3417 simul

132 3459 221 3524 unda
250 3459 403 3522 relabens.
444 3457 653 3534 Vallum,
685 3457 740 3520 ubl
768 3456 895 3538 legitur:
934 3458 1154 3522 miserantibus
1184 3459 1287 3538 undis,

220 3672 240 3741 ¹)
263 3669 435 3727 Donnehlius
458 3669 476 3722 l.
498 3669 517 3723 l.
542 3667 604 3723 aevi
631 3668 767 3738 Augustei
799 3671 945 3739 poetarum
973 3669 1075 3725 multos
1100 3669 1174 3724 locos
1197 3672 1287 3736 affert,

131 3757 232 3831 quibus
254 3754 504 3827 personifieationes
520 3754 708 3811 inveniuntur.
720 3785 754 3794 -
775 3755 798 3826 ²)
814 3755 899 3813 Multi
912 3758 940 3812 et
955 3759 1062 3812 veteres
1078 3759 1107 3813 et
1123 3758 1288 3814 recentiores

131 3851 342 3913 repercuterentur
368 3841 656 3914 (personifieationem)
682 3842 805 3898 fictiones
831 3859 1006 3915 personarum
1038 3843 1221 3916 intellegunt,
1253 3847 1287 3901 de

131 3930 233 4000 quibus
256 3927 443 3995 Quintilianus
466 3929 513 3993 IX,
531 3927 555 3992 2,
575 3928 608 3982 30
636 3927 717 3983 dieit:
749 3928 792 3983 his
817 3931 845 3983 ei
865 3929 1084 3985 adversariorum
1107 3931 1288 4003 cogitationes

131 4016 211 4071 velut
227 4032 319 4070 seeum
333 4014 508 4083 loquentium
526 4015 723 4084 protrahimus,
748 4019 777 4070 et
801 4020 907 4071 nostros
931 4034 993 4070 eum
1016 4016 1079 4072 aliis
1101 4037 1237 4075 sermones
1260 4024 1289 4075 et

133 4102 252 4157 aliorum
270 4101 343 4157 inter
361 4118 392 4155 se
407 4100 577 4156 credibiliter
593 4100 800 4156 introducimus.
