2828 4778
690 271 727 340 61

108 460 145 524 11
166 456 293 539 frigida
315 457 372 534 est,
393 475 467 520 eum
488 457 616 520 tantum
630 455 722 534 absit,
744 459 780 520 ut
802 475 983 521 sermonem
1004 460 1144 537 exornet,
1165 459 1201 521 ut
1222 475 1296 521 eum

113 565 296 630 deformet.
352 563 399 628 Ne
439 562 482 627 ab
515 562 617 627 alieno
649 563 763 627 iudicio
793 563 947 646 pendeas,
982 564 1118 647 plurima
1153 564 1298 647 exempla

114 672 263 757 proferri
285 690 414 736 necesse
436 672 491 733 est.
535 689 555 733 a
577 668 599 733 b
621 689 639 734 c
660 669 682 733 b
704 664 734 747 a,
757 670 810 734 nbi
824 671 956 734 verbum
978 672 1010 735 in
1032 671 1138 735 medio
1159 671 1297 754 positum

113 783 183 843 est:
213 778 239 856 Ι,
262 778 303 840 99
325 797 387 858 sq.:
409 777 504 859 ipsius
527 777 638 856 iugens
660 775 757 839 instat
777 776 863 840 fama
884 776 950 840 viri.
974 776 1013 839 ib.
1038 778 1100 842 794
1120 797 1182 859 sq.:
1210 795 1299 844 sacer

115 885 221 950 effera
252 886 357 966 raptet
388 882 485 946 eorda
507 900 613 964 pavor.
657 882 696 959 Π,
722 882 777 944 93;
804 882 944 946 alternos
969 902 1065 963 aegro
1094 887 1297 948 cunctantem

117 992 246 1076 poplite
267 1008 401 1071 gressus
423 987 564 1051 similiter
583 987 663 1051 Aen.
685 987 751 1066 XII,
773 988 848 1052 386:
867 987 1005 1052 alternos
1027 988 1123 1070 longa
1144 990 1296 1053 nitentem

120 1098 262 1182 cuspide
292 1115 425 1180 gressus.
484 1095 551 1159 Val.
584 1095 650 1174 Vll,
684 1096 739 1159 87:
777 1095 908 1160 infando
942 1115 1026 1178 quae
1059 1096 1112 1161 det
1143 1116 1297 1179 responsa

123 1211 282 1290 tyranno.
326 1204 365 1267 ib.
388 1203 596 1267 9691011111
617 1221 701 1285 quae
722 1202 842 1267 detinet
860 1203 963 1267 insula
983 1206 1086 1267 natos.
1116 1203 1138 1281 l,
1159 1205 1219 1267 819
1240 1223 1297 1286 sq.,

123 1313 163 1390 ll,
186 1313 227 1377 75
250 1331 308 1394 sq.,
330 1311 370 1375 78
391 1330 449 1393 sq.,
469 1309 530 1373 606
550 1329 609 1392 sq.,
631 1309 701 1385 844,
725 1310 796 1386 645,
828 1309 876 1387 Ill,
902 1310 970 1387 108,
994 1311 1053 1374 118
1074 1331 1136 1393 sq.,
1157 1311 1216 1374 159
1239 1331 1296 1392 sq.,

124 1420 204 1496 361,
232 1418 293 1482 535
314 1438 376 1500 sq.,
404 1417 469 1481 609·
487 1436 548 1499 sq.,
575 1417 654 1492 673,
681 1416 736 1494 19,
765 1417 819 1493 77,
841 1417 916 1495 948,
941 1418 1003 1481 748
1022 1438 1085 1500 sq.,
1115 1418 1206 1495 V,5,
1228 1418 1297 1497 186,

125 1526 192 1590 418
213 1545 277 1607 sq.,
300 1522 349 1601 Vl,
372 1525 404 1601 1,
426 1525 476 1602 99,
498 1523 573 1599 951,
595 1523 666 1600 496,
689 1522 751 1600 VH,
772 1523 823 1601 94,
844 1524 967 1606 48sq.,
989 1524 1025 1587 91
1048 1545 1111 1607 sq.,
1133 1524 1203 1604 378,
1225 1525 1297 1602 466,

127 1635 202 1711 500,
225 1633 296 1708 530,
319 1628 393 1708 9111,
416 1630 465 1708 93,
488 1631 538 1707 61,
560 1630 630 1706 318,
655 1630 725 1706 469,
746 1630 826 1694 Aen.
848 1630 870 1708 l,
893 1631 962 1708 716,
984 1631 1019 1708 Π,
1041 1632 1112 1709 997,
1133 1632 1204 1709 483,
1226 1633 1298 1710 639,

128 1739 181 1816 ΠΙ,
199 1739 276 1815 175,
298 1738 369 1814 910,
392 1737 461 1814 383,
483 1737 544 1800 419
559 1757 616 1818 sq.,
637 1736 708 1814 534,
730 1737 800 1813 604,
816 1736 852 1814 V,
871 1737 919 1817 38,
938 1738 988 1814 46,
1014 1738 1082 1815 113,
1100 1738 1150 1817 91,
1168 1739 1226 1801 195
1240 1759 1297 1821 sq.,

128 1845 210 1922 550,
236 1845 313 1922 894,
337 1842 404 1920 Vll,
430 1842 506 1919 414,
534 1840 610 1917 595,
639 1843 713 1920 718,
735 1843 815 1921 VIII,
842 1843 944 1926 4sq.,
973 1844 1048 1922 654,
1073 1845 1130 1922 IX,
1151 1845 1204 1923 33,
1228 1845 1298 1925 535,

128 1952 172 2029 X,
193 1951 263 2030 159,
286 1951 356 2028 945,
375 1950 447 2027 887,
468 1949 520 2027 Xl,
543 1951 681 2032 985111,
705 1951 775 2027 396,
797 1950 867 2028 516,
890 1950 955 2028 1111,
976 1951 1049 2015 450.

213 2078 234 2123 a
255 2060 277 2123 b
298 2077 316 2122 c
337 2058 359 2121 b
381 2078 415 2135 a,
444 2057 499 2121 ubi
521 2076 698 2140 pronomen
719 2058 752 2120 in
775 2058 880 2122 medio
902 2059 1040 2141 positum
1061 2062 1123 2123 est:
1152 2060 1202 2138 lV,
1223 2061 1297 2124 745:

131 2167 238 2232 saevis
259 2165 356 2230 irater
377 2164 455 2229 milri
474 2164 724 2229 fusus-habenis.
756 2164 793 2242 V,
814 2165 889 2242 545,
910 2165 976 2243 Vll,
998 2167 1067 2231 939.
1110 2166 1299 2250 Saepissime

131 2274 279 2339 Valerius
301 2290 478 2355 pronomen
500 2271 668 2336 relativum
693 2272 736 2336 ab
761 2271 850 2335 initio
872 2272 1026 2337 enuntiati
1047 2277 1202 2352 removet,
1234 2295 1299 2356 qua

129 2384 173 2448 de
194 2381 313 2446 ceiam
334 2378 521 2444 Schmitzius
533 2380 554 2461 ¹)
577 2379 732 2444 disseruit.
779 2378 876 2444 Culus
898 2381 943 2445 rei
964 2400 1094 2445 causam
1115 2400 1209 2464 saepe
1229 2400 1297 2444 esse

128 2491 203 2556 eius
229 2507 371 2553 amorem
396 2487 490 2551 huius
503 2487 702 2550 'artificiosae
724 2487 896 2551 verborum
917 2487 1130 2552 collocationis
1152 2487 1297 2551 intellexi.

129 2594 251 2675 Qualia
276 2594 420 2677 exempla
448 2593 533 2678 apud
553 2592 724 2675 Vergilium
739 2613 879 2675 quoque
899 2594 1038 2657 invenies
1058 2593 1138 2658 Aen.
1161 2593 1197 2670 V,
1224 2593 1297 2657 119:

125 2702 245 2786 triplici
272 2701 372 2785 pubes
400 2720 498 2783 quam
521 2700 672 2764 Dardana
699 2719 807 2777 versu,
837 2701 880 2777 X,
905 2700 977 2765 137:
1000 2700 1087 2764 fusos
1117 2703 1220 2778 cervix
1248 2701 1297 2765 cui

130 2812 239 2876 lactea
271 2799 378 2885 ermis,
417 2808 458 2872 ib.
490 2808 567 2872 708:
603 2807 720 2872 multos
751 2807 884 2872 Vesulus
916 2827 1012 2890 quem
1041 2809 1153 2895 pinifer
1185 2828 1297 2896 annos,

128 2916 322 2984 Coniunctio
351 2920 382 2979 11
406 2915 575 2979 relativum
602 2915 633 2978 in
665 2912 771 2978 medio
803 2915 905 2998 posita
934 2918 1009 2978 sunt
1042 2915 1123 2979 Aen.
1151 2915 1191 2994 ll,
1223 2915 1297 2979 379:

124 3023 331 3108 inprovisum
362 3023 463 3105 aspris
492 3021 588 3086 veluti
620 3021 672 3104 qui
704 3022 846 3086 sentibus
873 3041 1020 3104 anguem.
1072 3021 1170 3086 Simili
1200 3021 1312 3089 modo.

128 3130 276 3195 Valerius
304 3129 470 3194 relativum
498 3129 529 3193 ln
556 3129 661 3192 medio
690 3130 809 3212 posuit,
836 3129 861 3193 si
883 3130 1052 3207 vocabula,
1081 3148 1163 3212 quae
1190 3129 1299 3192 litteris

131 3239 156 3302 b
177 3236 403 3318 bsignificavi,
424 3255 489 3299 non
510 3235 700 3300 adiectivum
721 3239 752 3300 et
773 3236 1022 3313 substantivum,
1045 3236 1101 3299 sed
1122 3235 1298 3299 subiectum

125 3349 161 3410 et
197 3343 426 3427 praedicatum,
459 3342 509 3406 vel
539 3343 674 3407 verbum
706 3346 738 3407 et
769 3342 943 3420 obiectum,
978 3341 1027 3407 vel
1059 3341 1235 3405 subiectum
1266 3346 1299 3406 11

133 3450 295 3515 obiectum
325 3453 409 3513 sunt.
462 3449 571 3514 Pauca
601 3448 745 3532 exempta
773 3449 941 3531 proferam.
990 3448 1031 3526 V,
1062 3449 1137 3513 9501
1173 3453 1299 3514 sacrata

129 3557 263 3623 rutilant
295 3557 345 3621 cui
374 3556 490 3620 vellera
522 3575 649 3638 quercu.
682 3556 723 3619 ib.
751 3556 825 3619 608:
861 3555 1014 3620 saxiferae
1046 3560 1155 3637 surgat
1184 3556 1300 3637 quibus

130 3664 235 3729 imber
270 3663 426 3727 habenae.
454 3662 493 3739 Il,
530 3662 603 3726 139:
638 3662 720 3727 tardi
751 3665 901 3745 reputant
931 3682 1013 3746 quae
1042 3665 1187 3745 tempora
1217 3664 1299 3728 belli.

127 3770 254 3852 Vergilii
275 3770 419 3852 exempla
441 3769 540 3834 habes
559 3769 639 3833 Aen.
663 3770 715 3848 IX,
727 3770 802 3834 9641
825 3770 947 3835 devicta
968 3771 1090 3852 genitor
1108 3790 1192 3853 quae
1217 3772 1298 3854 cepit

131 3877 260 3956 Arisba,
281 3877 321 3954 X,
343 3878 419 3941 818:
441 3876 527 3941 molli
549 3880 652 3941 mater
673 3897 771 3958 quam
794 3881 925 3942 neverat
945 3896 1032 3941 aura.

237 4099 257 4167 ¹)
276 4096 295 4150 l.
314 4095 332 4150 l.
352 4113 377 4164 p.
394 4097 436 4150 90.
