2828 4778
701 264 743 329 76

210 447 298 512 idem
324 446 488 528 aliquoties
517 448 550 509 et
579 443 771 508 affirmando
802 445 835 505 et
864 440 1013 522 negando
1040 438 1189 503 Valerius
1220 437 1292 502 dioit

130 552 283 637 Exempla
315 553 416 617 habes
447 552 484 628 V,
515 551 574 615 21:
608 550 694 615 dicta
724 548 847 612 dabant
874 548 976 610 ventis
1002 566 1064 611 nee
1098 548 1210 613 debita
1237 549 1291 613 tatu

132 660 315 724 movebant.
356 658 407 736 Vl,
428 659 466 723 51
490 677 554 740 sq.:
584 653 748 738 (Iuppiter)
767 655 913 719 semifero
932 656 1044 735 eaptus
1065 674 1215 738 corpore,
1242 673 1291 720 ner

131 766 293 849 nymphae
316 764 459 847 geminos
486 763 647 828 exhorruit
672 781 801 842 angues.
843 760 884 825 ib.
906 760 985 824 463:
1016 780 1110 824 mens
1132 762 1209 826 mihi
1233 780 1288 827 non

130 872 243 936 eadem
266 870 346 934 toris
367 874 465 952 atque
486 887 596 932 aversa
618 867 774 931 voluntas
817 867 871 931 cir.
893 865 933 928 ib.
947 864 1004 929 241
1017 885 1065 948 sq.
1109 867 1286 951 th‚18sq.:

130 977 243 1042 mediis
263 977 318 1060 qui
337 997 371 1040 se
392 976 468 1040 dare
488 974 635 1039 ssuctrbus
657 974 725 1038 ausi
746 993 806 1038 nec
827 976 934 1037 tantas
955 973 1090 1037 timuere
1110 975 1188 1038 vias
1222 973 1285 1050 viu,

133 1084 192 1148 195
212 1104 279 1166 sq.:
311 1083 440 1164 ignarus
461 1083 540 1146 fixas
558 1081 622 1145 iam
644 1081 776 1145 numine
800 1099 894 1162 rupes
912 1083 997 1144 stare
1026 1099 1136 1163 neque
1161 1080 1285 1146 adversis

132 1189 214 1253 ultra
236 1208 423 1253 concamere
443 1188 534 1252 saxis
575 1187 613 1264 V,
625 1187 684 1251 126
700 1207 764 1270 sq.:
785 1185 860 1251 hino
880 1187 981 1268 magis
1001 1187 1068 1251 atta
1079 1187 1285 1254 Haemonidae

130 1298 239 1377 petere
260 1297 292 1359 et
312 1294 451 1359 monitus
472 1313 538 1358 non
561 1296 704 1358 temnere
726 1292 848 1358 Phinei.
890 1292 1005 1357 Similis
1029 1293 1120 1358 iocus
1142 1294 1286 1359 invenitur

129 1402 210 1466 Aen.
232 1401 283 1478 vl,
303 1401 381 1464 620:
415 1399 523 1464 discite
552 1400 703 1463 iustitiam
733 1399 844 1464 moniti
875 1403 908 1462 et
938 1419 1004 1463 non
1035 1403 1180 1466 temnere
1201 1401 1285 1467 divos

128 1507 276 1590 Denique
297 1506 441 1572 conteras
462 1506 503 1570 ib.
525 1505 574 1584 111,
594 1506 674 1570 447:
704 1505 757 1570 illa
777 1510 910 1570 manent
936 1506 1070 1570 immota
1089 1507 1167 1573 locis
1195 1527 1287 1591 neque

129 1614 172 1677 ab
192 1614 304 1678 ordine
325 1614 461 1692 redunt,
491 1612 541 1691 Vl,
563 1613 641 1677 722:
670 1612 774 1676 dicam
796 1612 944 1696 equidem
963 1632 1023 1678 neo
1044 1618 1077 1678 te
1097 1635 1287 1700 suspensum,

127 1722 217 1797 nate,
238 1721 363 1784 tenebo.
406 1718 474 1784 Vat.
495 1719 518 1796 l,
540 1719 601 1783 799
621 1739 667 1801 sq.

212 1899 355 1982 Inprimis
383 1898 525 1963 Valerius
554 1919 734 1983 synonyma
761 1899 951 1980 coniungere
989 1904 1093 1978 amat,
1137 1924 1205 1986 quo
1235 1923 1288 1969 usu

128 2007 303 2071 verbositas
324 2008 357 2068 et
377 2005 507 2069 ubertas
527 2006 594 2070 eius
613 2005 732 2087 optime
752 2004 949 2086 intellegitur.
971 2005 1006 2069 C.
1014 2006 1048 2070 F.
1056 2007 1108 2071 W.
1117 2009 1289 2089 Mulierus¹)

128 2131 306 2195 synonyma
330 2113 373 2175 ita
393 2112 519 2175 definit:
549 2111 736 2194 Synonyma
762 2111 867 2176 baben
893 2113 945 2177 ein
970 2115 1290 2194 gemeinschaftliches

129 2220 254 2294 Gentes,
274 2237 338 2282 von
362 2218 436 2282 dem
456 2218 501 2282 sie
520 2218 608 2300 jedes
629 2220 662 2283 in
687 2219 792 2283 seiner
811 2219 872 2283 Art
896 2219 1060 2284 bestimmt
1078 2223 1209 2288 variirte
1228 2225 1289 2289 Mo-

130 2325 331 2389 dificationen
360 2323 446 2400 sind,
485 2324 589 2401 ohne,
627 2324 815 2405 umgekehrt
848 2326 910 2389 wie
944 2326 1028 2390 heim
1059 2327 1290 2413 Hendiadyoin,

129 2431 265 2495 dieselbe
272 2429 585 2510 Ersoheinungstorm
596 2429 679 2493 ibres
686 2429 793 2493 Genus
803 2431 1053 2509 auszudrdeken‚
1071 2432 1290 2515 jaeigenttich,

126 2537 172 2601 da
191 2541 318 2617 strange
336 2535 524 2618 Synonyma
545 2535 596 2598 nie
614 2534 734 2617 gleiche
747 2536 937 2618 Bedeutung
957 2537 1073 2616 haben,
1093 2541 1291 2606 ausdrdcken

126 2662 166 2706 zu
189 2644 328 2706 kdnnen.
349 2677 390 2686 —
418 2642 459 2706 Fs
479 2642 519 2706 ist
537 2641 604 2706 dies
623 2641 691 2706 also
712 2642 764 2705 ein
784 2642 1099 2708 Aneinanderreihen
1118 2645 1290 2724 dhnlichen

127 2746 215 2810 nicht
237 2746 373 2827 gleicher
394 2748 543 2829 Begritio,
571 2748 724 2813 wodurch
744 2749 849 2812 nichts
874 2749 1035 2814 bozweekt
1054 2751 1146 2829 wird,
1176 2752 1224 2817 als
1244 2754 1291 2818 die

128 2852 329 2934 Vortellung‚
360 2855 412 2918 die
438 2855 527 2936 jeder
550 2855 689 2919 einzelne
716 2855 817 2919 dieser
837 2855 1025 2921 Ausdnioke
1047 2857 1291 2942 herrorbn'ngen

125 2959 250 3039 ivdrde,
272 2978 310 3023 zu
331 2961 523 3023 verstarken.

210 3091 448 3156 Adiectivorunr
480 3090 626 3172 exempta
654 3091 734 3155 haec
760 3096 851 3156 sunt:
884 3095 1005 3171 1‚565:
1034 3095 1151 3159 durum
1178 3096 1238 3161 iter
1264 3099 1293 3162 et

125 3218 231 3280 grave.
274 3197 311 3275 V,
325 3199 384 3262 to:
408 3216 526 3280 magna
545 3214 781 3281 numerosaque
799 3201 908 3281 pubes
951 3201 993 3264 ib.
1006 3202 1081 3265 508:
1100 3220 1168 3266 uon
1189 3203 1292 3267 aliena

127 3308 202 3386 peto
234 3305 364 3368 terrisve
395 3304 536 3368 indebita
570 3303 692 3367 nostris.
744 3304 795 3382 VI,
826 3306 904 3371 695:
935 3307 1151 3390 inpubemque
1180 3328 1292 3389 gerens

126 3412 328 3492 sterilemque
349 3412 521 3475 iuventam.
563 3411 676 3488 t485:
697 3431 797 3476 ovans
817 3413 991 3496 laetusque·
1020 3413 1154 3490 uiuae:
1175 3416 1291 3480 resides

125 3521 157 3580 et
180 3518 244 3580 iam
266 3517 311 3581 nit
330 3517 466 3600 amptrbs
485 3519 564 3582 ausi.
606 3518 647 3582 ib.
668 3519 750 3583 547:
781 3519 956 3602 tardusque
975 3521 1071 3601 drgae
1095 3521 1292 3606 longumque

124 3623 280 3687 resistens.
323 3622 436 3687 Videas
457 3624 498 3687 sis
518 3629 627 3706 aptam
649 3625 898 3702 abundantiam,
921 3631 1072 3707 quaeest
1094 3627 1131 3705 V,
1154 3629 1217 3692 638
1228 3648 1289 3711 sq.:

123 3727 190 3791 sota
208 3730 281 3811 poto
302 3730 403 3794 tacitis
421 3729 552 3810 inopina
572 3730 709 3794 tenebris
730 3729 845 3793 tabere.

228 4003 247 4072 ¹)
267 4003 403 4077 Philolog.
423 4009 488 4061 tom.
507 4005 559 4060 vn
578 4023 605 4079 p.
622 4006 682 4062 305.
