2828 4778
707 279 748 343 89

214 452 255 530 11,
276 453 357 516 226:
383 458 524 538 notaque
547 459 641 519 sonat
660 477 723 521 vox
743 457 875 537 coniuge
899 458 1016 537 maior,
1045 460 1063 523 i.
1085 481 1111 523 e.
1134 482 1211 527 voce
1231 486 1309 531 con-

113 559 222 644 iugis.
267 559 319 638 Ill,
343 564 401 628 126
423 583 487 646 sq.:
510 563 633 627 maiora
655 565 809 645 sanguine
829 568 937 630 nostra
957 566 1023 631 fata
1043 567 1134 648 Iovis,
1156 571 1174 633 i.
1193 593 1219 638 e.
1241 595 1311 642 ma·

119 675 201 738 iera
224 690 326 754 quam
350 671 415 735 lata
435 670 597 752 sanguinis
619 670 725 735 nostri.

324 907 368 968 d.
413 902 626 982 Figurae,
658 924 777 984 quae
805 908 965 970 ordine
996 913 1122 973 fiunt.

217 1115 289 1180 Hoc
308 1115 379 1178 loco
398 1114 466 1178 sola
487 1114 527 1178 de
547 1115 649 1195 figura
671 1115 822 1196 prolepsis
835 1115 857 1197 ¹)
880 1115 1049 1193 disseram,
1077 1138 1161 1200 quae
1189 1121 1304 1198 evadit,

133 1241 212 1286 cum
236 1222 427 1285 adiectivum
447 1222 648 1285 substantivo
669 1222 713 1285 ita
734 1222 880 1298 additur,
908 1225 944 1286 ut
966 1227 1098 1288 eventus
1126 1229 1158 1288 et
1176 1226 1306 1292 effectus

134 1328 308 1410 praedicati
346 1328 545 1409 significetur.
608 1326 761 1410 Exempla
792 1328 905 1391 Valerii
941 1329 1082 1394 invenies
1114 1331 1304 1415 I,1ilsq.:

132 1434 286 1516 lentoque
320 1453 472 1516 sequaces
504 1434 615 1497 molliri
652 1434 738 1498 videt
770 1434 842 1515 igne
871 1435 985 1499 trabes.
1030 1436 1226 1519 »Sequaces«
1263 1439 1305 1503 ab

134 1541 251 1604 effectu
272 1540 359 1603 verbi
374 1541 522 1604 »molliri«
538 1540 657 1604 dictum
681 1545 745 1605 est:
768 1545 804 1604 ut
824 1561 976 1622 sequaces
996 1543 1044 1606 vel
1062 1543 1166 1607 lentae
1183 1545 1304 1608 fierent.

134 1648 331 1729 ib.591sq.:
354 1647 492 1711 intonuit
513 1648 615 1711 donec
635 1648 757 1729 pavidis
776 1668 814 1711 eu
830 1648 958 1711 aethere
971 1650 1073 1712 ventis
1093 1651 1304 1731 omnipotens

134 1752 153 1816 i.
176 1773 204 1817 e.
235 1755 272 1817 ut
299 1758 464 1834 paverent.
507 1754 546 1817 ib.
568 1754 630 1817 664
650 1775 714 1836 sq.:
751 1753 845 1836 (qui)
874 1758 1015 1818 maestae
1044 1776 1176 1820 nemora
1204 1758 1305 1821 ardua

134 1858 229 1922 Pisae
250 1859 395 1922 aemulus
415 1863 448 1923 et
468 1861 598 1924 miseros
620 1860 685 1942 ipse
706 1863 811 1923 ureret
832 1859 926 1923 Elidis
949 1880 1050 1941 agros.
1087 1862 1215 1926 Urcndo
1237 1864 1305 1945 ipso

132 1965 209 2028 Pisa
230 1967 355 2029 maesta
386 1968 418 2029 et
443 1967 508 2047 agri
536 1967 639 2030 miseri
663 1967 745 2030 tacta
766 1968 848 2030 sunt.
888 1965 936 2042 ΠΙ,
956 1967 1034 2030 411ε
1072 1968 1126 2031 ubi
1154 1970 1304 2049 puniceas

134 2071 241 2134 oriens
262 2071 440 2135 accenderit
460 2073 580 2149 undas,
608 2073 633 2135 si
651 2072 857 2136 Burmannus
885 2077 970 2136 recte
997 2073 1082 2136 vidit.
1125 2074 1179 2138 Sol
1201 2076 1304 2138 undas

134 2177 297 2254 accendit,
329 2179 365 2241 ut
397 2177 551 2259 puniceae
585 2177 635 2242 vel
667 2198 847 2260 purpureae
880 2177 1056 2243 videantur.
1097 2179 1138 2241 ib.
1161 2179 1222 2242 433
1243 2200 1305 2262 sq.:

135 2285 272 2348 nitentia
296 2283 427 2366 lympha
457 2285 602 2348 membra
627 2288 734 2348 novat.
779 2284 890 2348 Abluit
918 2286 1080 2362 membra,
1112 2288 1147 2348 ut
1174 2285 1304 2349 niteant.

136 2391 177 2453 ib.
200 2389 280 2453 554:
308 2389 443 2454 intactas
464 2390 541 2454 levis
561 2391 628 2471 ipse
648 2391 824 2473 superfugit
843 2391 956 2454 undas.
999 2392 1072 2454 Uno
1094 2391 1178 2454 saltu
1201 2391 1305 2454 undas

91 2496 96 2501 '
136 2497 254 2572 traicit,
280 2498 317 2558 ut
338 2496 445 2560 undae
473 2497 610 2560 intactae
637 2500 799 2559 maneant.
862 2497 1080 2577 1V,1c7sq.:
1111 2496 1305 2578 disiectaque

135 2602 217 2666 fudit
237 2601 376 2677 lumina,
401 2603 419 2665 i.
442 2622 469 2665 c.
491 2605 528 2664 ut
548 2602 761 2665 disicerentur.
805 2602 846 2665 ih.
868 2602 928 2665 333
950 2621 1012 2683 sq.:
1047 2600 1126 2664 illius
1146 2600 1304 2668 excelsum

136 2709 231 2772 ramis
258 2710 355 2788 caput
384 2707 539 2789 implicat,
568 2708 585 2770 i.
609 2728 636 2770 e.
658 2711 754 2789 caput
782 2708 880 2771 ramis
909 2711 1021 2782 ornat,
1051 2710 1087 2769 ut
1106 2707 1138 2770 id
1161 2708 1209 2772 his
1232 2710 1305 2791 ipsis

136 2813 287 2878 excelsius
305 2813 372 2876 liat.
405 2812 800 2897 clr.Aen.XlI,162sq.:
823 2815 872 2877 cui
895 2817 1039 2895 tempora
1061 2814 1179 2877 circum
1201 2818 1305 2881 aurati

136 2920 184 2984 bis
205 2940 261 2983 sex
281 2919 362 2983 radii
390 2920 544 3001 fulgentia
566 2921 706 3000 cingunt.
750 2921 824 2984 Sine
844 2920 940 2983 dubio
961 2920 1063 3000 figura
1085 2921 1236 3003 prolepsis
1259 2926 1305 2985 est

137 3045 266 3108 quoque
294 3025 361 3090 Val.
388 3026 439 3103 IV,
462 3028 539 3091 338:
575 3028 754 3109 perfusique
785 3047 875 3091 sacro
904 3026 1020 3108 placati
1047 3028 1176 3109 gurgitis
1198 3047 1303 3092 amne.

134 3131 360 3198 Perfuudende
386 3135 469 3197 enim
504 3137 536 3197 et
567 3134 732 3198 lustrando
756 3154 870 3214 gurges
896 3135 1040 3215 placatus
1062 3138 1117 3196 est.
1161 3133 1202 3196 ib.
1225 3134 1304 3198 454:

137 3238 323 3322 (Harpyiae)
345 3240 473 3304 foedata
495 3240 626 3303 turbant
645 3239 768 3321 pocula.
800 3239 911 3303 Nescio
933 3242 1040 3301 utrum
1061 3238 1210 3303 hocloco
1231 3259 1304 3320 pro-

139 3345 231 3426 lepsis
251 3347 422 3410 statuenda
450 3366 492 3410 au
515 3346 735 3427 explicandum
758 3347 813 3409 sit:
856 3344 1017 3427 Harpyiae
1038 3344 1153 3426 pocula
1175 3344 1306 3408 foedant

139 3455 171 3516 et
192 3453 332 3517 turbant.
361 3453 523 3516 Dubitatio
539 3456 650 3516 manet
670 3472 708 3516 eo
718 3473 847 3534 quoque
858 3453 936 3529 locO,
949 3452 1003 3535 qui
1015 3456 1117 3516 exstat
1128 3452 1169 3514 ib.
1179 3451 1240 3514 497
1252 3471 1304 3533 sq:

139 3559 233 3623 inlisis
260 3561 415 3624 stramina
441 3561 557 3623 mensis
587 3560 680 3623 foeda
708 3559 828 3639 rigant,
863 3560 882 3621 i.
905 3579 932 3621 e.
955 3559 1059 3639 rigant
1081 3558 1248 3634 stramina,
1270 3562 1306 3622 ut

140 3666 232 3730 foeda
253 3667 342 3743 fiant,
364 3668 431 3731 vel:
460 3667 623 3744 stramina,
644 3685 728 3748 quae
747 3665 843 3729 inlisis
864 3666 979 3728 mensis
1001 3666 1095 3728 foeda
1115 3666 1200 3727 facta
1220 3668 1305 3740 sunt,

240 3901 261 3969 ¹)
287 3901 310 3955 A
332 3901 470 3971 plerisque
495 3901 650 3956 sententiae
674 3901 765 3972 figura
790 3897 959 3969 praesumtio
985 3897 1112 3967 πρόληψις
1138 3895 1305 3958 nominatur,

144 4003 211 4053 quae
230 3987 276 4052 flt,
295 3991 328 4041 ut
347 3987 536 4055 Quintilianus
556 3989 604 4054 IX,
623 3989 648 4053 2,
669 3989 701 4039 16
720 3985 798 4053 dicit,
817 4003 879 4040 cum
896 3985 936 4050 id,
955 3983 1029 4053 quod
1050 3981 1119 4036 obici
1140 3981 1242 4053 potest,
1262 3995 1306 4038 oc·

145 4089 280 4151 cupamus.
