2828 4778
686 265 733 341 a

147 496 186 543 a.
228 478 382 544 Causa
402 482 602 547 efficiens
623 500 712 564 pro
733 498 787 549 re
807 462 970 551 effecta
991 498 1272 573 usurpatur.

209 618 252 683 Ut
272 619 314 684 ab
335 618 401 683 aliis
421 620 532 703 poetis,
560 615 605 684 ita
629 640 650 684 a
672 619 792 688 Valerio
813 624 971 691 Volcanus
998 648 1056 712 pro
1081 628 1170 711 igne,
1205 626 1292 694 Mars

125 744 183 808 pro
204 725 295 802 bello,
318 724 410 790 Ceres
432 745 489 809 pro
510 745 609 808 pane,
629 730 665 792 ut
684 728 705 805 Ι,
718 729 793 808 254,
814 729 908 810 illo,
929 733 979 798 vel
1000 711 1058 817 pro
1079 738 1196 816 segete,
1220 738 1257 799 ut
1267 734 1290 814 1,

124 833 199 910 578,
220 832 365 898 Bacchus
386 832 531 914 provino
551 832 654 912 ΙΙ,70,
682 834 761 912 lll‚5
783 837 920 920 ponitur.
965 840 987 919 Ι,
1001 841 1076 905 llo:
1113 840 1218 904 multo
1245 842 1294 906 in·

124 959 221 1005 sanus
235 939 357 1016 laccho,
379 939 397 1002 i.
409 959 435 1003 e.
457 939 500 1004 ad
516 941 688 1005 amentiam
709 928 811 1026 usque
828 945 1009 1012 inebriatus.
1042 946 1192 1013 Similiter
1205 947 1289 1013 Aen.

124 1045 178 1124 ΙΧ,
195 1045 255 1110 336
272 1066 337 1130 sq.:
359 1045 521 1128 multoque
546 1047 669 1112 iacebat
691 1050 835 1114 membra
855 1052 916 1116 deo
937 1053 1046 1118 victus.
1069 1052 1167 1118 Simili
1191 1056 1291 1121 modo

124 1174 218 1236 saepe
235 1172 353 1218 nomeu
363 1154 495 1218 deorum
514 1173 628 1237 proco,
640 1156 727 1238 quod
744 1157 803 1221 sub
815 1177 924 1222 eorum
944 1159 1073 1243 imperio
1085 1163 1142 1238 est,
1165 1160 1290 1244 legitur,

125 1265 161 1327 ut
181 1260 249 1325 Val.
270 1260 291 1338 Ι,
303 1260 380 1325 45οε
402 1279 489 1324 remo
509 1260 612 1325 Nerea
632 1265 745 1341 versat,
767 1264 786 1327 i.
804 1283 829 1328 e.
849 1283 947 1330 mare.
992 1265 1078 1331 Idem
1100 1269 1147 1331 cst
1168 1267 1289 1332 Lucan.

124 1367 251 1446 11‚713:
291 1363 342 1432 hic
362 1367 500 1452 primum
529 1367 636 1433 rubuit
660 1368 741 1434 civili
761 1371 915 1452 sanguine
936 1372 1122 1443 Nereus-
1145 1374 1214 1439 Val.
1229 1375 1290 1454 ΙΙΙΙ,

35 1508 38 1514 -
125 1474 185 1541 336
205 1495 269 1559 sq.:
301 1474 447 1558 lampade
478 1474 622 1539 Phoebes
648 1476 708 1540 sub
735 1476 873 1556 decima,
907 1478 974 1544 ie.
1007 1479 1076 1545 luce
1104 1481 1201 1546 lunae
1230 1482 1289 1547 sub

124 1583 257 1660 decima,
279 1582 298 1645 i.
309 1602 336 1646 e.
358 1584 459 1645 nocte.
483 1582 536 1646 cfr.
558 1581 639 1648 Aen.
660 1581 710 1661 ΙΙΙ,
721 1583 751 1661 6,
774 1584 835 1663 Vll,
856 1584 923 1649 148.
947 1621 986 1631 -
1008 1586 1075 1651 Val.
1090 1586 1127 1665 V,
1144 1587 1205 1651 339
1227 1609 1288 1672 sq.:

124 1708 220 1773 seque
239 1707 387 1771 spargere
406 1688 501 1752 caede
523 1706 653 1767 manus,
675 1689 694 1752 i.
714 1710 740 1753 e.
762 1691 924 1772 sanguine.
965 1692 1001 1770 V,
1011 1692 1074 1758 454
1094 1696 1126 1758 et
1146 1693 1287 1772 V1,415:

125 1795 221 1863 caede
252 1795 397 1873 madens,
426 1795 513 1858 cuius
545 1796 758 1877 metonymiae
788 1797 873 1879 apud
901 1797 1068 1880 Vergilium
1097 1819 1227 1882 quoque
1257 1805 1290 1866 et

124 1903 201 1969 alios
221 1906 331 1985 poetas
351 1902 515 1985 complura
536 1901 680 1984 exempla
703 1905 836 1969 exstant.
869 1903 918 1982 ΙΙΙ,
941 1905 1017 1969 740:
1040 1905 1152 1970 misero
1174 1910 1288 1972 manat

83 2052 85 2059 ›
123 2011 199 2077 iuba
219 2006 346 2074 sordida
366 2008 461 2088 luctu,
483 2009 501 2072 i.
524 2029 550 2073 e.
574 2007 716 2074 lacrimis.
761 2008 909 2077 Similiter
929 2012 1048 2078 dictum
1070 2016 1117 2076 est
1145 2012 1193 2090 111,
1205 2013 1286 2079 als:

124 2116 220 2200 tepidi
240 2114 427 2207 singultibus
447 2116 531 2197 agri,
560 2134 634 2198 pror
654 2117 770 2180 recenti
792 2119 963 2199 sanguine,
986 2138 1082 2201 quem
1105 2119 1286 2184 moribundi

123 2224 332 2306 singultantes
353 2221 517 2287 eiecerant.
559 2221 698 2299 Viam:
740 2222 859 2307 datque
889 2224 966 2289 alias
994 2226 1061 2289 sine
1091 2225 1160 2308 lege
1188 2226 1284 2305 colus,

123 2333 142 2398 i.
159 2351 185 2396 e.
208 2330 270 2396 alia
290 2329 352 2394 fila.
388 2327 553 2393 Sententia
574 2332 629 2407 est,
651 2331 686 2393 ut
707 2329 732 2394 J.
752 2330 791 2394 A.
812 2330 962 2412 Wagneri
982 2332 1086 2398 verbis
1107 2337 1195 2397 utar:
1219 2333 1286 2399 fata

123 2439 271 2521 vitaeque
299 2437 450 2500 terminos
483 2455 503 2500 a
535 2429 642 2500 Parcis
670 2436 871 2518 praestitutos
899 2441 1003 2502 mutat
1024 2458 1083 2521 pro
1104 2438 1202 2503 libitu.
1244 2440 1285 2504 ib.

122 2547 201 2610 645:
232 2544 350 2627 rumpit
375 2528 483 2625 iniqua
505 2542 607 2620 coluS,
635 2542 689 2626 qui
717 2545 827 2625 tropus
856 2541 944 2627 apud
972 2545 1127 2610 Senecam
1157 2566 1286 2629 quoque

123 2652 291 2717 invenitur.
334 2650 377 2715 Ut
408 2669 566 2734 possessor
594 2669 652 2732 pro
684 2669 716 2713 re
747 2669 890 2732 possessa
917 2651 1063 2736 ponitur,
1096 2651 1140 2716 ita
1173 2652 1286 2717 dicitur

123 2758 241 2837 Viuo:
261 2758 348 2840 quod
368 2759 510 2839 geminas
531 2758 634 2822 arctos
655 2771 872 2841 magnumque
893 2759 980 2841 quod
1002 2758 1121 2842 inpleat
1138 2779 1287 2842 anguem,

123 2867 142 2932 i.
164 2885 191 2930 e.
213 2863 470 2948 septentrionales
490 2864 640 2947 regiones.

162 3102 204 3162 b.
247 3099 341 3162 Res
362 3097 523 3161 effecta
545 3110 634 3177 pro
657 3112 795 3159 eausa
817 3097 1027 3161 efficienti
1049 3098 1253 3175 ponitur.

204 3255 241 3339 V,
258 3256 335 3324 6681
360 3257 467 3323 Martis
486 3257 518 3322 in
539 3257 663 3336 umbra,
686 3276 744 3340 pro
764 3256 844 3322 luco.
865 3252 928 3335 vu,
940 3256 999 3320 55:
1023 3274 1115 3321 caesa
1125 3252 1286 3321 descendit

124 3362 285 3432 Caucasus
305 3366 430 3444 umbra,
451 3364 506 3449 qui
525 3366 634 3446 tropus
655 3383 720 3429 non
742 3381 814 3428 raro
834 3360 999 3441 invenitur,
1021 3362 1158 3444 utVerg.
1170 3360 1284 3445 Georg.

122 3474 146 3553 Ι,
159 3472 217 3539 156
239 3495 303 3556 sq.:
324 3473 403 3539 ruris
422 3472 512 3556 opaci
532 3472 614 3559 falce*
631 3491 754 3555 premes
775 3470 914 3535 umbras.
937 3466 1053 3534 —Val
1072 3469 1121 3548 IV,
1136 3467 1194 3533 661
1217 3488 1285 3552 sq.:

122 3581 203 3646 sicut
224 3579 398 3645 multifidus
418 3579 517 3661 ruptis
537 3598 555 3643 e
571 3578 709 3642 nubibus
726 3576 836 3642 horror
854 3571 971 3657 effugit.
1002 3570 1149 3639 Similiter
1168 3574 1190 3652 Ι,
1210 3573 1286 3638 652:

123 3687 266 3753 caerulus
287 3688 406 3751 horror.
432 3685 453 3762 Ι,
465 3685 504 3749 63
515 3705 580 3768 sq.:
599 3684 710 3763 Pelias,
732 3684 835 3766 gravis
858 3681 1010 3763 etlongus
1026 3680 1147 3763 populis
1170 3684 1283 3759 metus

123 3794 143 3859 i.
164 3814 191 3859 e.
213 3793 305 3858 valde
333 3797 365 3858 et
386 3791 502 3856 multos
529 3810 586 3874 per
607 3810 707 3855 annos
729 3789 926 3855 metuendus
967 3782 1055 3852 idem
1080 3788 1214 3853 verbum
1242 3788 1284 3852 de

123 3896 250 3984 gigante
271 3903 458 3983 usurpatum
478 3901 524 3963 est
536 3890 587 3975 IV,
601 3894 663 3960 600
683 3915 748 3979 sq.:
771 3915 866 3979 quem
887 3910 946 3960 nec
969 3914 1026 3960 sua
1047 3895 1142 3960 turba
1162 3894 1284 3958 tuendo

124 4009 148 4073 it
168 4007 255 4073 taciti
276 4026 387 4071 secura
408 4008 520 4071 metus.
557 4003 705 4069 Similiter
725 4002 853 4073 Pallene
873 4002 909 4081 Π,
922 4002 960 4066 16
982 4003 1085 4068 metus
1107 4001 1203 4066 deum
1225 4008 1285 4065 no·

124 4115 281 4193 minatur,
303 4113 321 4178 i.
343 4134 371 4178 e.
400 4113 487 4179 locus
515 4113 572 4178 diis
594 4111 794 4177 metuendus.
837 4108 934 4189 llll
953 4128 1015 4193 sq.:
1057 4109 1112 4191 qul
1140 4108 1286 4190 gentibus
